{Kulagin2022a,
   author = {V. V. Kulagin and A. Yu. Khomyakov and Yu. M. Gasparyan},
   doi = {10.1134/S1027451022050317},
   issn = {1027-4510},
   issue = {5},
   journal = {Journal of Surface Investigation: X-ray, Synchrotron and Neutron Techniques},
   month = {10},
   pages = {909-913},
   title = {Analytical Estimation of the Atomic and Molecular Flux Ratio from the Tungsten Surface},
   volume = {16},
   year = {2022},
   doi = {10.1134/S1027451022050317},
   language = {english},
   authorscopus = {true}, 
   authorvak = {true},
   addendum = {(ВАК, Scopus)}
}

@article{Kulagin2022a_rus,
   author = {В. В. Кулагин and А. Ю. Хомяков and Ю. М. Гаспарян},
   doi = {10.1134/S1027451022050317},
   issn = {1027-4510},
   issue = {5},
   journal = {Поверхность. Рентгеновские, синхротронные и нейтронные исследования},
   month = {10},
   pages = {909-913},
   title = {Аналитическая оценка соотношения потоков атомарного и молекулярного водорода с поверхности вольфрама},
   volume = {16},
   year = {2022},
   doi = {10.31857/S1028096022100090},
   language = {russian},
   authorvak = {true},
   addendum = {(ВАК К2, Scopus)}
}

@article{Kulagin2023,
   author = {Vladimir Kulagin and Yury Gasparyan},
   doi = {10.1016/j.jnucmat.2023.154747},
   issn = {00223115},
   journal = {Journal of Nuclear Materials},
   month = {12},
   pages = {154747},
   title = {Effect of material properties on the laser-induced desorption of hydrogen from tungsten},
   volume = {587},
   year = {2023},
   doi = {10.1016/j.jnucmat.2023.154747},
   language = {english},
   authorscopus = {true},
   addendum = {(Scopus, WoS)},   
}

@article{Kulagin2025_JNM,
   author = {Vladimir Kulagin and Yury Gasparyan},
   doi = {10.1016/J.JNUCMAT.2024.155370},
   issn = {00223115},
   journal = {Journal of Nuclear Materials},
   keywords = {Deuterium,Edge-localised modes,Fuel retention,Macroscopic rate equations,Tungsten},
   month = {1},
   publisher = {Elsevier B.V.},
   title = {Numerical simulation of deuterium retention in tungsten under ELM-like conditions},
   volume = {603},
   year = {2025},
   doi = {10.1016/j.jnucmat.2024.155370},
   language = {english},
   authorscopus = {true},
   authorwos = {true},
   addendum = {(Scopus, WoS)},      
}

@article{Kulagin2022b,
   author = {Vladimir Kulagin and Yury Gasparyan and Nikolay Degtyarenko},
   doi = {10.1016/j.fusengdes.2022.113287},
   issn = {09203796},
   journal = {Fusion Engineering and Design},
   month = {11},
   pages = {113287},
   title = {Numerical estimation of the atomic fraction during laser-induced desorption of hydrogen from tungsten and beryllium},
   volume = {184},
   year = {2022},
   doi = {10.1016/j.fusengdes.2022.113287},
   language = {english},
   authorscopus = {true},
   authorwos = {true},
   addendum = {(Scopus, WoS)},   
}

@article{Kulagin2024,
   author = {Rémi Delaporte-Mathurin and James Dark and Gabriele Ferrero and Etienne A. Hodille and Vladimir Kulagin and Samuele Meschini},
   doi = {10.1016/j.ijhydene.2024.03.184},
   issn = {0360-3199},
   journal = {International Journal of Hydrogen Energy},
   month = {4},
   pages = {786-802},
   title = {FESTIM: An open-source code for hydrogen transport simulations},
   volume = {63},
   year = {2024},
   doi = {10.1016/j.ijhydene.2024.03.184},
   authorscopus = {true},
   authorwos = {true},
   addendum = {(Scopus, WoS)},  
   language = {english},
}

@article{Kulagin2025_IJHE,
   author = {Vladimir Kulagin and Rémi Delaporte-Mathurin and Etienne Hodille and Mikhail Zibrov},
   doi = {10.1016/j.ijhydene.2025.02.128},
   issn = {0360-3199},
   journal = {International Journal of Hydrogen Energy},
   month = {3},
   pages = {90-100},
   title = {Kinetic surface model in FESTIM: Verification and validation},
   volume = {110},
   year = {2024},
   authorscopus = {true},
   authorwos = {true},
   addendum = {(Scopus, WoS)},  
   language = {english},
}