% ГОСТ Р 7.0.11-2011, Приложение Б, Книги
@article{Roth1,
  title    = {{Recent analysis of key plasma wall interactions issues for ITER}},
  author   = {Roth, J. and Tsitrone, E. and Loarte, A. and Loarer, Th. and Counsell, G. and Neu, R. and Philipps, V. and Brezinsek, S. and Lehnen, M. and Coad, P. and Grisolia, Ch. and Schmid, K. and Krieger, K. and Kallenbach, A. and Lipschultz, B. and Doerner, R. and Causey, R. and Alimov, V. and Shu, W. and Ogorodnikova, O. and Kirschner, A. and Federici, G. and Kukushkin, A.},
  year     = 2009,
  month    = 1,
  journal  = {J. Nucl. Mater.},
  volume   = {390-391},
  pages    = {1--9},
  doi      = {10.1016/j.jnucmat.2009.01.037},
  issn     = {00223115},
  language = {english}
}
@article{Ogorodnikova,
  title    = {{Deuterium and helium retention in W with and without He-induced W ‘fuzz' exposed to pulsed high-temperature deuterium plasma}},
  author   = {Ogorodnikova, O.V. and Klimov, K.S. and Poskakalov, А.G. and Kaziev, A.V. and Kharkov, M.M. and Efimov, V.S. and Gasparyan, Yu. M. and Volkov, N.V. and Alimov, V. Kh and Tokitani, M.},
  year     = 2019,
  month    = 3,
  journal  = {J. Nucl. Mater.},
  volume   = 515,
  pages    = {150--159},
  doi      = {10.1016/j.jnucmat.2018.12.023},
  issn     = {00223115},
  language = {english}
}
@article{Razdobarin2022,
  title    = {Diagnostics Complex of the First Wall and Divertor of Tokamak with Reactor Technologies: Control of Erosion and Temperature and Monitoring of Fusion Fuel Build-up},
  author   = {Razdobarin, A. G. and Gasparyan, Yu. M. and Bogachev, D. L. and Dmitriev, A. M. and Elets, D. I. and Koval, A. N. and Kurskiev, G. S. and Mukhin, E. E. and Bulgadaryan, D. G. and Krat, S. A. and Marenkov, E. D. and Alekseenko, I. V.},
  year     = 2022,
  month    = 12,
  journal  = {Plasma Phys. Reports},
  volume   = 48,
  number   = 12,
  pages    = {1389--1403},
  doi      = {10.1134/S1063780X22700283},
  issn     = {1063-780X},
  language = {english}
}

@article{Maggi2024,
  author    = {C.F. Maggi and D. Abate and N. Abid and P. Abreu and O. Adabonyan and M. Afzal and I. Ahmad and M. Akhtar and R. Albanese and S. Aleiferis and E. Alessi and P. Aleynikov and P. Aleynikov and J. Alguacil and J. Alhage and M. Ali and H. Allen and M. Allinson and M. Alonzo and E. Alves and R. Ambrosino and E. Andersson Sundén and P. Andrew and M. Angelone and C. Angioni and I. Antoniou and L. Appel and C. Appelbee and C. Aramunde and M. Ariola and G. Arnoux and G. Artaserse and J.-F. Artaud and W. Arter and V. Artigues and F.J. Artola and A. Ash and O. Asztalos and D. Auld and F. Auriemma and Y. Austin and L. Avotina and J. Ayllón and E. Aymerich and A. Baciero and L. Bähner and F. Bairaktaris and I. Balboa and M. Balden and N. Balshaw and V.K. Bandaru and J. Banks and A. Banon Navarro and C. Barcellona and O. Bardsley and M. Barnes and R. Barnsley and M. Baruzzo and M. Bassan and A. Batista and P. Batistoni and L. Baumane and B. Bauvir and L. Baylor and C. Bearcroft and P. Beaumont and D. Beckett and A. Begolli and M. Beidler and N. Bekris and M. Beldishevski and E. Belli and F. Belli and S. Benkadda and J. Bentley and E. Bernard and J. Bernardo and M. Bernert and M. Berry and L. Bertalot and H. Betar and M. Beurskens and P.G. Bhat and S. Bickerton and J. Bielecki and T. Biewer and R. Bilato and P. Bílková and G. Birkenmeier and R. Bisson and J.P.S. Bizarro and P. Blatchford and A. Bleasdale and V. Bobkov and A. Boboc and A. Bock and G. Bodnar and P. Bohm and L. Bonalumi and N. Bonanomi and D. Bonfiglio and X. Bonnin and P. Bonofiglo and J. Booth and D. Borba and D. Borba and D. Borodin and I. Borodkina and T.O.S.J. Bosman and C. Bourdelle and M. Bowden and I. Božičević Mihalić and S.C. Bradnam and B. Breizman and S. Brezinsek and D. Brida and M. Brix and P. Brown and D. Brunetti and M. Buckley and J. Buermans and H. Bufferand and P. Buratti and A. Burckhart and A. Burgess and A. Buscarino and A. Busse and D. Butcher and G. Calabrò and L. Calacci and R. Calado and R. Canavan and B. Cannas and M. Cannon and M. Cappelli and S. Carcangiu and P. Card and A. Cardinali and S. Carli and P. Carman and D. Carnevale and B. Carvalho and I.S. Carvalho and P. Carvalho and I. Casiraghi and F.J. Casson and C. Castaldo and J.P. Catalan and N. Catarino and F. Causa and M. Cavedon and M. Cecconello and L. Ceelen and C.D. Challis and B. Chamberlain and R. Chandra and C.S. Chang and A. Chankin and B. Chapman and P. Chauhan and M. Chernyshova and A. Chiariello and G.-C. Chira and P. Chmielewski and A. Chomiczewska and L. Chone and J. Cieslik and G. Ciraolo and D. Ciric and J. Citrin and Ł. Ciupinski and R. Clarkson and M. Cleverly and P. Coates and V. Coccorese and R. Coelho and J.W. Coenen and I.H. Coffey and A. Colangeli and L. Colas and J. Collins and S. Conroy and C. Contré and N.J. Conway and D. Coombs and P. Cooper and S. Cooper and L. Cordaro and C. Corradino and Y. Corre and G. Corrigan and D. Coster and T. Craciunescu and S. Cramp and D. Craven and R. Craven and G. Croci and D. Croft and K. Crombé and T. Cronin and N. Cruz and A. Cufar and A. Cullen and A. Dal Molin and S. Dalley and P. David and A. Davies and J. Davies and S. Davies and G. Davis and K. Dawson and S. Dawson and I. Day and G. De Tommasi and J. Deane and M. Dearing and M. De Bock and J. Decker and R. Dejarnac and E. Delabie and E. de la Cal and E. de la Luna and D. Del Sarto and A. Dempsey and W. Deng and A. Dennett and G.L. Derks and G. De Temmerman and F. Devasagayam and P. de Vries and P. Devynck and A. di Siena and D. Dickinson and T. Dickson and M. Diez and P. Dinca and T. Dittmar and L. Dittrich and J. Dobrashian and T. Dochnal and A.J.H. Donné and W. Dorland and S. Dorling and S. Dormido-Canto and R. Dotse and D. Douai and S. Dowson and R. Doyle and M. Dreval and P. Drews and G. Drummond and Ph. Duckworth and H.G. Dudding and R. Dumont and P. Dumortier and D. Dunai and T. Dunatov and M. Dunne and I. Ďuran and F. Durodié and R. Dux and T. Eade and E. Eardley and J. Edwards and T. Eich and A. Eksaeva and H. El-Haroun and R.D. Ellis and G. Ellwood and C. Elsmore and S. Emery and G. Ericsson and B. Eriksson and F. Eriksson and J. Eriksson and L.G. Eriksson and L.G. Eriksson and S. Ertmer and G. Evans and S. Evans and E. Fable and D. Fagan and M. Faitsch and D. Fajardo Jimenez and M. Falessi and A. Fanni and T. Farmer and I. Farquhar and B. Faugeras and S. Fazinić and N. Fedorczak and K. Felker and R. Felton and H. Fernandes and D.R. Ferreira and J. Ferreira and G. Ferrò and J. Fessey and O. Février and O. Ficker and A.R. Field and A. Figueiredo and J. Figueiredo and A. Fil and N. Fil and P. Finburg and U. Fischer and G. Fishpool and L. Fittill and M. Fitzgerald and D. Flammini and J. Flanagan and S. Foley and N. Fonnesu and M. Fontana and J.M. Fontdecaba and L. Fortuna and E. Fortuna-Zalesna and M. Fortune and C. Fowler and P. Fox and O. Franklin and E. Fransson and L. Frassinetti and R. Fresa and D. Frigione and T. Fülöp and M. Furseman and S. Gabriellini and D. Gadariya and S. Gadgil and K. Gál and S. Galeani and A. Galkowski and D. Gallart and M. Gambrioli and T. Gans and J. Garcia and M. García-Muñoz and L. Garzotti and J. Gaspar and R. Gatto and P. Gaudio and D. Gear and T. Gebhart and S. Gee and M. Gelfusa and R. George and S.N. Gerasimov and R. Gerru and G. Gervasini and M. Gethins and Z. Ghani and M. Gherendi and P.-I. Gherghina and F. Ghezzi and L. Giacomelli and C. Gibson and L. Gil and M.R. Gilbert and A. Gillgren and E. Giovannozzi and C. Giroud and G. Giruzzi and J. Goff and V. Goloborodko and R. Gomes and J.-F. Gomez and B. Gonçalves and M. Goniche and J. Gonzalez-Martin and A. Goodyear and S. Gore and G. Gorini and T. Görler and N. Gotts and E. Gow and J.P. Graves and J. Green and H. Greuner and E. Grigore and F. Griph and W. Gromelski and M. Groth and C. Grove and R. Grove and N. Gupta and S. Hacquin and L. Hägg and A. Hakola and M. Halitovs and J. Hall and C.J. Ham and M. Hamed and M.R. Hardman and Y. Haresawa and G. Harrer and J.R. Harrison and D. Harting and D.R. Hatch and T. Haupt and J. Hawes and N.C. Hawkes and J. Hawkins and S. Hazael and J. Hearmon and P. Heesterman and P. Heinrich and M. Held and W. Helou and O. Hemming and S.S. Henderson and R. Henriques and R.B. Henriques and D. Hepple and J. Herfindal and G. Hermon and J.C. Hillesheim and K. Hizanidis and A. Hjalmarsson and A. Ho and J. Hobirk and O. Hoenen and C. Hogben and A. Hollingsworth and S. Hollis and E. Hollmann and M. Hölzl and M. Hook and M. Hoppe and J. Horáček and N. Horsten and N. Horsten and A. Horton and L.D. Horton and L. Horvath and S. Hotchin and Z. Hu and Z. Huang and E. Hubenov and A. Huber and V. Huber and T. Huddleston and G.T.A. Huijsmans and Y. Husain and P. Huynh and A. Hynes and D. Iglesias and M.V. Iliasova and M. Imríšek and J. Ingleby and P. Innocente and V. Ioannou-Sougleridis and N. Isernia and I. Ivanova-Stanik and E. Ivings and S. Jachmich and T. Jackson and A.S. Jacobsen and P. Jacquet and H. Järleblad and A. Järvinen and F. Jaulmes and N. Jayasekera and F. Jenko and I. Jepu and E. Joffrin and T. Johnson and J. Johnston and C. Jones and E. Jones and G. Jones and L. Jones and T.T.C. Jones and A. Joyce and M. Juvonen and A. Kallenbach and P. Kalnina and D. Kalupin and P. Kanth and A. Kantor and A. Kappatou and O. Kardaun and J. Karhunen and E. Karsakos and Ye.O. Kazakov and V. Kazantzidis and D.L. Keeling and W. Kelly and M. Kempenaars and D. Kennedy and K. Khan and E. Khilkevich and C. Kiefer and H.-T. Kim and J. Kim and S.H. Kim and D.B. King and D.J. Kinna and V.G. Kiptily and A. Kirjasuo and K.K. Kirov and A. Kirschner and T. Kiviniemi and G. Kizane and C. Klepper and A. Klix and G. Kneale and M. Knight and P. Knight and R. Knights and S. Knipe and U. Knoche and M. Knolker and M. Kocan and F. Köchl and G. Kocsis and J.T.W. Koenders and Y. Kolesnichenko and Y. Kominis and M. Kong and B. Kool and V. Korovin and S.B. Korsholm and B. Kos and D. Kos and M. Koubiti and Y. Kovtun and E. Kowalska-Strzęciwilk and K. Koziol and Y. Krasikov and A. Krasilnikov and V. Krasilnikov and M. Kresina and A. Kreter and K. Krieger and A. Krivska and U. Kruezi and I. Książek and H. Kumpulainen and B. Kurzan and S. Kwak and O.J. Kwon and B. Labit and M. Lacquaniti and A. Lagoyannis and L. Laguardia and A. Laing and V. Laksharam and N. Lam and H.T. Lambertz and B. Lane and M. Langley and E. Lascas Neto and E. Łaszyńska and K.D. Lawson and A. Lazaros and E. Lazzaro and G. Learoyd and C. Lee and K. Lee and S. Leerink and T. Leeson and X. Lefebvre and H.J. Leggate and J. Lehmann and M. Lehnen and D. Leichtle and F. Leipold and I. Lengar and M. Lennholm and E. Leon Gutierrez and L.A. Leppin and E. Lerche and A. Lescinskis and S. Lesnoj and L. Lewin and J. Lewis and J. Likonen and Ch. Linsmeier and X. Litaudon and E. Litherland-Smith and F. Liu and T. Loarer and A. Loarte and R. Lobel and B. Lomanowski and P.J. Lomas and J. Lombardo and R. Lorenzini and S. Loreti and V.P. Loschiavo and M. Loughlin and T. Lowe and C. Lowry and T. Luce and R. Lucock and T. Luda Di Cortemiglia and M. Lungaroni and C.P. Lungu and T. Lunt and V. Lutsenko and B. Lyons and J. Macdonald and E. Macusova and R. Mäenpää and C.F. Maggi and H. Maier and J. Mailloux and S. Makarov and P. Manas and A. Manning and P. Mantica and M.J. Mantsinen and J. Manyer and A. Manzanares and Ph. Maquet and M. Maraschek and G. Marceca and G. Marcer and C. Marchetto and O. Marchuk and A. Mariani and G. Mariano and M. Marin and A. Marin Roldan and M. Marinelli and T. Markovič and L. Marot and C. Marren and S. Marsden and S. Marsen and J. Marsh and R. Marshall and L. Martellucci and A.J. Martin and C. Martin and R. Martone and S. Maruyama and M. Maslov and M. Mattei and G.F. Matthews and D. Matveev and E. Matveeva and A. Mauriya and F. Maviglia and M. Mayer and M.-L. Mayoral and S. Mazzi and S. Mazzi and C. Mazzotta and R. McAdams and P.J. McCarthy and P. McCullen and R. McDermott and D.C. McDonald and D. McGuckin and V. McKay and L. McNamee and A. McShee and D. Mederick and M. Medland and S. Medley and K. Meghani and A.G. Meigs and S. Meitner and S. Menmuir and K. Mergia and S. Mianowski and P. Middleton and J. Mietelski and K. Mikszuta-Michalik and D. Milanesio and E. Milani and E. Militello-Asp and F. Militello and J. Milnes and A. Milocco and S. Minucci and I. Miron and J. Mitchell and J. Mlynář and J. Mlynář and V. Moiseenko and P. Monaghan and I. Monakhov and A. Montisci and S. Moon and R. Mooney and S. Moradi and R.B. Morales and L. Morgan and F. Moro and J. Morris and T. Mrowetz and L. Msero and S. Munot and A. Muñoz-Perez and M. Muraglia and A. Murari and A. Muraro and B. N’Konga and Y.S. Na and F. Nabais and R. Naish and F. Napoli and E. Nardon and V. Naulin and M.F.F. Nave and R. Neu and S. Ng and M. Nicassio and D. Nicolai and A.H. Nielsen and S.K. Nielsen and D. Nina and C. Noble and C.R. Nobs and M. Nocente and H. Nordman and S. Nowak and H. Nyström and J. O’Callaghan and M. O’Mullane and C. O’Neill and C. Olde and H.J.C. Oliver and R. Olney and J. Ongena and G.P. Orsitto and A. Osipov and R. Otin and N. Pace and L.W. Packer and E. Pajuste and D. Palade and J. Palgrave and O. Pan and N. Panadero and T. Pandya and E. Panontin and A. Papadopoulos and G. Papadopoulos and G. Papp and V.V. Parail and A. Parsloe and K. Paschalidis and M. Passeri and A. Patel and A. Pau and G. Pautasso and R. Pavlichenko and A. Pavone and E. Pawelec and C. Paz-Soldan and A. Peacock and M. Pearce and I.J. Pearson and E. Peluso and C. Penot and K. Pepperell and A. Perdas and T. Pereira and E. Perelli Cippo and C. Perez von Thun and D. Perry and P. Petersson and G. Petravich and N. Petrella and M. Peyman and L. Pigatto and M. Pillon and S. Pinches and G. Pintsuk and C. Piron and A. Pironti and F. Pisano and R. Pitts and U. Planck and N. Platt and V. Plyusnin and M. Podesta and G. Pokol and F.M. Poli and O.G. Pompilian and M. Poradzinski and M. Porkolab and C. Porosnicu and G. Poulipoulis and A.S. Poulsen and I. Predebon and A. Previti and D. Primetzhofer and G. Provatas and G. Pucella and P. Puglia and K. Purahoo and O. Putignano and T. Pütterich and A. Quercia and G. Radulescu and V. Radulovic and R. Ragona and M. Rainford and P. Raj and M. Rasinski and D. Rasmussen and J. Rasmussen and J.J. Rasmussen and A. Raso and G. Rattá and S. Ratynskaia and R. Rayaprolu and M. Rebai and A. Redl and D. Rees and D. Réfy and R. Reichle and H. Reimerdes and B.C.G. Reman and C. Reux and S. Reynolds and D. Rigamonti and E. Righi and F.G. Rimini and J. Risner and J.F. Rivero-Rodriguez and C.M. Roach and J. Roberts and R. Robins and S. Robinson and D. Robson and S. Rode and P. Rodrigues and P. Rodriguez-Fernandez and S. Romanelli and J. Romazanov and E. Rose and C. Rose-Innes and R. Rossi and S. Rowe and D. Rowlands and C. Rowley and M. Rubel and G. Rubinacci and G. Rubino and M. Rud and J. Ruiz Ruiz and F. Ryter and S. Saarelma and A. Sahlberg and M. Salewski and A. Salmi and R. Salmon and F. Salzedas and F. Sanchez and I. Sanders and D. Sandiford and F. Sanni and O. Sauter and P. Sauvan and G. Schettini and A. Shevelev and A.A. Schekochihin and K. Schmid and B.S. Schmidt and S. Schmuck and M. Schneider and P.A. Schneider and N. Schoonheere and R. Schramm and D. Scoon and S. Scully and M. Segato and J. Seidl and L. Senni and J. Seo and G. Sergienko and M. Sertoli and S.E. Sharapov and R. Sharma and A. Shaw and R. Shaw and H. Sheikh and U. Sheikh and N. Shi and P. Shigin and D. Shiraki and G. Sias and M. Siccinio and B. Sieglin and S.A. Silburn and A. Silva and C. Silva and J. Silva and D. Silvagni and D. Simfukwe and J. Simpson and P. Sirén and A. Sirinelli and H. Sjöstrand and N. Skinner and J. Slater and T. Smart and R.D. Smirnov and N. Smith and P. Smith and T. Smith and J. Snell and L. Snoj and E.R. Solano and V. Solokha and C. Sommariva and K. Soni and M. Sos and J. Sousa and C. Sozzi and T. Spelzini and F. Spineanu and L. Spolladore and D. Spong and C. Srinivasan and G. Staebler and A. Stagni and I. Stamatelatos and M.F. Stamp and Ž. Štancar and P.A. Staniec and G. Stankūnas and M. Stead and B. Stein-Lubrano and A. Stephen and J. Stephens and P. Stevenson and C. Steventon and M. Stojanov and D.A. St-Onge and P. Strand and S. Strikwerda and C.I. Stuart and S. Sturgeon and H.J. Sun and S. Surendran and W. Suttrop and J. Svensson and J. Svoboda and R. Sweeney and G. Szepesi and M. Szoke and T. Tadić and B. Tal and T. Tala and P. Tamain and K. Tanaka and W. Tang and G. Tardini and M. Tardocchi and D. Taylor and A.S. Teimane and G. Telesca and A. Teplukhina and A. Terra and D. Terranova and N. Terranova and D. Testa and B. Thomas and V.K. Thompson and A. Thorman and A.S. Thrysoe and W. Tierens and R.A. Tinguely and A. Tipton and H. Todd and M. Tomeš and A. Tookey and P. Tsavalas and D. Tskhakaya and L.-P. Turică and A. Turner and I. Turner and M. Turner and M.M. Turner and G. Tvalashvili and A. Tykhyy and S. Tyrrell and A. Uccello and V. Udintsev and A. Vadgama and D.F. Valcarcel and A. Valentini and M. Valisa and M. Vallar and M. Valovic and M. Van Berkel and K.L. van de Plassche and M. van Rossem and D. Van Eester and J. Varela and J. Varje and T. Vasilopoulou and G. Vayakis and M. Vecsei and J. Vega and M. Veis and P. Veis and S. Ventre and M. Veranda and G. Verdoolaege and C. Verona and G. Verona Rinati and E. Veshchev and N. Vianello and E. Viezzer and L. Vignitchouk and R. Vila and R. Villari and F. Villone and P. Vincenzi and A. Vitins and Z. Vizvary and M. Vlad and I. Voldiner and U. Von Toussaint and P. Vondráček and B. Wakeling and M. Walker and R. Walker and M. Walsh and R. Walton and E. Wang and F. Warren and R. Warren and J. Waterhouse and C. Watts and T. Webster and M. Weiland and H. Weisen and M. Weiszflog and N. Wendler and A. West and M. Wheatley and S. Whetham and A. Whitehead and D. Whittaker and A. Widdowson and S. Wiesen and M. Willensdorfer and J. Williams and I. Wilson and T. Wilson and M. Wischmeier and A. Withycombe and D. Witts and A. Wojcik-Gargula and E. Wolfrum and R. Wood and R. Woodley and R. Worrall and I. Wyss and T. Xu and D. Yadykin and Y. Yakovenko and Y. Yang and V. Yanovskiy and R. Yi and I. Young and R. Young and B. Zaar and R.J. Zabolockis and L. Zakharov and P. Zanca and A. Zarins and D. Zarzoso Fernandez and K.-D. Zastrow and Y. Zayachuk and M. Zerbini and W. Zhang and B. Zimmermann and M. Zlobinski and A. Zocco and V.K. Zotta and M. Zuin and W. Zwingmann and I. Zychor},
  doi       = {10.1088/1741-4326/AD3E16},
  issn      = {0029-5515},
  issue     = {11},
  journal   = {Nuclear Fusion},
  month     = {8},
  pages     = {112012},
  publisher = {IOP Publishing},
  title     = {Overview of T and D–T results in JET with ITER-like wall},
  volume    = {64},
  year      = {2024},
  language  = {english}
}
@article{Kappatou2025,
  author    = {A. Kappatou and M. Baruzzo and A. Hakola and E. Joffrin and D. Keeling and B Labit and E Tsitrone and N Vianello and M Wischmeier and I Balboa and J Bernardo and M Bernert and T Bosman and S Brezinsek and D Brida and I S Carvalho and P Carvalho and L Ceelen and C D Challis and I Coffey and T Dittmar and M Dunne and M Faitsch and A R Field and L Frassinetti and L Garzotti and Z Ghani and C Giroud and S Henderson and R B Henriques and J Hobirk and P Jacquet and I Jepu and Ye O Kazakov and D B King and K K Kirov and D Kos and K Krieger and M Lennholm and E Lerche and X Litaudon and E Litherland-Smith and P Lomas and C Lowry and J Mailloux and M J Mantsinen and M Maslov and D Matveev and A Meigs and S Menmuir and C Olde and C Perez von Thun and L Piron and G Pucella and H Reimerdes and F Rimini and O Sauter and P A Schneider and B Sieglin and S Silburn and E R Solano and H Sun and D F Valcarcel and D van Eester and R Villari and A Widdowson and S Wiesen and M Zlobinski and V K Zotta and the JET contributors and the EUROfusion Tokamak Exploitation Team},
  doi       = {10.1088/1361-6587/ADBD75},
  issn      = {0741-3335},
  issue     = {4},
  journal   = {Plasma Physics and Controlled Fusion},
  month     = {4},
  pages     = {045039},
  publisher = {IOP Publishing},
  title     = {Overview of the third JET deuterium-tritium campaign},
  volume    = {67},
  year      = {2025},
  language  = {english}
}
@article{Skinner1997,
  author    = {C.H. Skinner and E. Amarescu and G. Ascione and W. Blanchard and C.W. Barnes and S.H. Batha and M. Beer and M.G. Bell and R. Bell and M. Bitter and N.L. Bretz and R. Budny and C.E. Bush and R. Camp and M. Casey and J. Collins and M. Cropper and Z. Chang and D.S. Darrow and H.H. Duong and R. Durst and P.C. Efthimion and D. Ernst and N. Fisch and R.J. Fonck and E. Fredrickson and G.Y. Fu and H.P. Furth and C.A. Gentile and M. Gibson and J. Gilbert and B. Grek and L.R. Grisham and G. Hammett and R.J. Hawryluk and H.W. Herrmann and K.W. Hill and J. Hosea and A. Janos and D.L. Jassby and F.C. Jobes and D.W. Johnson and L.C. Johnson and J. Kamperschroer and M. Kalish and H. Kugel and J. Langford and S. Langish and P.H. Lamarche and B. Leblanc and F.M. Levinton and J. Machuzak and R. Majeski and J. Manikam and D.K. Mansfield and E. Mazzucato and K.M. McGuire and R. Mika and G. McKee and D.M. Meade and S.S. Medley and D.R. Mikkelsen and H.E. Mynick and D. Mueller and A. Nagy and R. Nazikian and M. Ono and D.K. Owens and H. Park and S.F. Paul and G. Pearson and M. Petrov and C.K. Phillips and S. Raftopoulos and A. Ramsey and R. Raucci and M.H. Redi and G. Rewoldt and J. Rogers and A.L. Roquemore and E. Ruskov and S.A. Sabbagh and G. Schilling and J.F. Schivell and G.L. Schmidt and S.D. Scott and S. Sesnic and B.C. Stratton and J.D. Strachan and T. Stevenson and D.P. Stotler and E. Synakowski and H. Takahashi and W. Tang and G. Taylor and W. Tighe and J.R. Timberlake and A. von Halle and S. von Goeler and R.T. Walters and R.B. White and J.R. Wilson and J. Winston and K.L. Wong and K.M. Young and M.C. Zarnstorff and S.J. Zweben},
  doi       = {10.1016/S0022-3115(97)80041-4},
  issn      = {0022-3115},
  journal   = {Journal of Nuclear Materials},
  month     = {2},
  pages     = {214-226},
  publisher = {North-Holland},
  title     = {Plasma wall interaction and tritium retention in TFTR},
  volume    = {241-243},
  year      = {1997},
  language  = {english}
}

@article{Shi2025,
  author    = {Bo Shi and Zhen-Dong Yang and SH Kim and Ar Polevoi and A Loarte and T Fonghetti and P Manas and R Dumont and J-f Artaud and C Bourdelle and FJ Casson and N Cummings and LF Delgado-Aparicio and P Maget and J Morales and Y Savoye-Peysson and M Schneider and the WEST team},
  doi       = {10.1088/1741-4326/ADC7C7},
  issn      = {0029-5515},
  issue     = {5},
  journal   = {Nuclear Fusion},
  keywords  = {Integrated Modeling,long pulse operation,non-inductive current-drive},
  month     = {4},
  pages     = {056018},
  publisher = {IOP Publishing},
  title     = {WEST L-mode record long pulses guided by predictions using Integrated Modeling},
  volume    = {65},
  year      = {2025},
  language  = {english}
}

@article{Gong2024,
  title     = {Overview of recent experimental results on the EAST Tokamak},
  author    = {Gong, X and Song, Yuntao and Wan, Baonian and Li, Jiangang and Wan, Yuanxi and Wu, Xinchao and Liu, Fukun and Chen, Junling and Hu, Jiansheng and Xu, Guosheng and others},
  journal   = {Nuclear Fusion},
  volume    = {64},
  number    = {11},
  pages     = {112013},
  year      = {2024},
  publisher = {IOP Publishing},
  language  = {english}
}


@article{Velikhov2024,
  author    = {E. P. Velikhov and M. V. Kovalchuk and I. O. Anashkin and V. F. Andreev and G. M. Asadulin and E. R. Akhmedov and A. Yu Balashov and R. A. Begishev and A. M. Belov and I. S. Belbas and E. N. Bondarchuk and A. A. Borshchegovsky and V. A. Vershkov and A. V. Gorbunov and A. V. Gorshkov and S. A. Grashin and A. V. Gromova and D. E.Dias Mikhailova and M. M. Dremin and A. S. Drozd and A. F. Dubinitsky and I. A. Zemtsov and V. I. Ilgisonis and I. S. Ilyin and A. V. Karpov and A. G. Kachkin and N. A. Kirneva and D. A. Kislov and V. A. Kochin and V. A. Krupin and L. K. Kuznetsova and I. V. Levin and P. D. Lisovoy and A. V. Lutchenko and Yu V. Matveev and M. V. Mashunkin and A. B. Mineev and A. L. Modyaev and N. A. Mustafin and T. B. Myalton and A. R. Nemets and A. V. Nikolaev and V. N. Novikov and G. E. Notkin and M. R. Nurgaliev and I. S. Obraztsov and D. S. Panfilov and I. S. Pimenov and K. A. Rogozin and I. N. Roy and A. N. Romannikov and D. V. Ryzhakov and P. V. Savrukhin and D. V. Sarychev and D. S. Sergeev and V. V. Smirnov and N. A. Soloviev and A. V. Stepin and A. V. Sushkov and D. Yu Sychugov and K. N. Tarasyan and V. I. Tepikin and Yu I. Tolpegina and D. L. Ulasevich and E. N. Khayrutdinov and A. P. Khvostenko and P. P. Khvostenko and A. I. Chudesnov and A. N. Chudnovskij and D. A. Shelukhin and E. A. Shestakov},
  doi       = {10.1134/S1063778824130283/FIGURES/12},
  issn      = {1562692X},
  issue     = {Suppl 1},
  journal   = {Physics of Atomic Nuclei},
  keywords  = {EC assisted plasma initiation,T-15MD,tokamak},
  month     = {12},
  pages     = {S1-S9},
  publisher = {Pleiades Publishing},
  title     = {First Experimental Results on the T-15MD Tokamak},
  volume    = {87},
  year      = {2024},
  language  = {english}
}
@article{Shirai2024,
  author    = {H. Shirai and K. Takahashi and E. Di Pietro and D. Abate and W. Abdel Maksoud and H. Abe and N. Aiba and T. Abe and M. Akimitsu and J. Ayllon-Guerola and T. Arai and J. F. Artaud and N. Asakura and N. Ashikawa and L. Balbinot and P. Barabaschi and O. Baulaigue and E. Belonohy and A. Belpane and W. Bin and F. Bombarda and T. Bolzonella and F. Bonne and M. Bonotto and J. Botija and J. Buermans and S. Cabrera-Pérez and A. Cardella and D. Carralero and L. Carraro and J. Cavalier and M. Cavinato and M. Chernyshova and S. Chiba and S. Clement-Lorenzo and V. Cocilovo and S. Coda and R. Coelho and I. Coffey and B. Collin and V. Corato and A. Cucchiaro and T. Czarski and M. Dairaku and S. Davis and C. Day and E. Dela Luna and G. De Tommasi and P. Decool and L. Di Pace and M. Dibon and G. Disset and F. D’Lsa and A. Ejiri and Y. Endo and N. Ezumi and G. Falchetto and A. Fassina and P. Fejoz and A. Ferro and W. Fietz and L. Figini and T. Fornal and G. Frello and T. Fujita and T. Fukuda and K. Fukui and M. Fukumoto and H. Funaba and M. Furukawa and S. Futatani and L. Gabellieri and E. Gaio and K. Galazka and J. Garcia and J. Garcia-Dominguez and J. Garcia-Lopez and M. Garcia-Munoz and L. Garzotti and F. Gasparini and S. Gharafi and L. Giacomelli and G. Ginoulhiac and G. Giruzzi and L. Giudicotti and J. Gonzalez-Martin and R. Guillén-González and N. Hajnal and S. Hall and K. Hamada and K. Hanada and M. Hanada and K. Hasegawa and S. Hatakeyama and V. Hauer and N. Hayashi and T. Hayashi and R. Heller and J. Hidalgo-Salaverri and S. Higashijima and J. Hinata and S. Hiranai and J. Hiratsuka and R. Hiwatari and C. Hoa and H. Homma and A. Honda and M. Honda and K. Hoshino and H. Hurzlmeier and M. Iafrati and K. Ibano and H. Ichige and M. Ichikawa and M. Ichimura and K. Ida and S. Ide and H. Idei and M. Iguchi and T. Iijima and S. Iio and R. Ikeda and Y. Ikeda and T. Imai and R. Imazawa and S. Inagaki and M. Inomoto and S. Inoue and A. Isayama and S. Ishida and Y. Ishii and M. Isobe and F. Janky and E. Joffrin and A. Jokinen and S. Kado and S. Kajita and K. Kajiwara and Y. Kamada and I. Kamata and A. Kaminaga and K. Kamiya and D. Kanapienyte and Y. Kashiwa and M. Kashiwagi and K. Katayama and Y. Kawamata and G. Kawamura and K. Kawano and Y. Kazakov and K. Kimura and F. Kin and M. Kisaki and S. Kitajima and K. Kiyono and K. Kizu and Y. Ko and K. Kobayashi and M. Kobayashi and S. Kobayashi and Ta Kobayashi and To Kobayashi and G. Kocsis and A. Kojima and S. Kokusen and M. Komata and K. Komuro and S. Konishi and A. Kovacsik and I. Ksiazek and M. Kubkowska and G. Kühner and M. Kuramochi and K. Kurihara and T. Kurki-Suonio and A. B. Kurniawan and T. Kuwata and B. Lacroix and V. Lamaison and A. Lampasi and P. Lang and P. Lauber and K. Lawson and Q. LeCoz and A. Louzguiti and R. Maekawa and T. Maekawa and S. Maeyama and G. Maffia and P. Maget and J. Mailloux and I. Maione and A. Maistrello and K. Malinowski and A. Mancini and G. Marchiori and J. L. Marechal and V. Massaut and S. Masuzaki and R. Matoike and G. Matsunaga and S. Matsunaga and A. Matsuyama and Ch Mayri and M. Mattei and M. Medrano and A. Mele and I. Meyer and F. Michel and T. Minami and Y. Miyata and J. Miyazawa and Y. Miyo and T. Mizuuchi and K. Mogaki and J. Morales and P. Moreau and T. Morisaki and S. Morishima and S. Moriyama and A. Moro and H. Murakami and M. Murayama and S. Murakami and K. Nagasaki and O. Naito and N. Nakamura and S. Nakamura and T. Nakano and Y. Nakashima and V. Nardino and E. Narita and Y. Narushima and K. Natsume and S. Nemoto and R. Neu and S. Nicollet and M. Nishikawa and S. Nishimura and T. Nishitani and M. Nishiura and T. Nishiyama and M. Nocente and Y. Nobuta and L. Novello and F. Nunio and S. Ochoa and K. Ogawa and T. Ogawa and Y. Ogawa and S. Ohdachi and Y. Ohmori and N. Ohno and Y. Ohtani and K. Ohtsu and M. Ohzeki and T. Oishi and J. Okano and K. Okano and Y. Onishi and M. Osakabe and T. Oshima and V. Ostuni and A. Owada and M. Oya and Y. Oya and T. Ozeki and M. M. Parody Guzmán and R. Pasqualotto and S. Pelli and E. Perelli and E. Peretti and G. Phillips and C. Piccinni and L. Pigatto and A. Pironti and A. Pizzuto and B. Plöckl and G. Polli and J. M. Poncet and P. Ponsot and G. Pucella and M. Puiatti and D. Radloff and V. Raimondi and F. Ramos and P. Rancsik and D. Ricci and S. Ricciarini and N. Richermoz and E. Rincon and A. Romano and P. Rossi and P. Roussel and G. Rubino and H. Saeki and A. Sagara and S. Sakakibara and H. Sakamoto and Miki Sakamoto and Mizu Sakamoto and Y. Sakamoto and A. Sakasai and S. Sakata and R. Sakurai and B. Salanon and A. Salmi and G. Sannazzaro and R. Sano and A. Sanpei and T. Sasajima and S. Sasaki and H. Sasao and F. Sato and M. Sato and T. Sato and M. Sawahata and A. Scherber and S. Scully and J. Segado-Fernandez and M. Seki and N. Seki and S. Seki and Y. Shibama and Y. Shibata and T. Shikama and K. Shimada and M. Shimono and J. Shinde and T. Shinya and K. Shinohara and J. Shiraishi and S. Soare and A. Soleto and Y. Someya and S. Sonoda and C. Sozzi and E. Streciwilk-Kowalska and H. Strobel and M. Sueoka and A. Sukegawa and S. Sumida and H. Suzuki and Ma Suzuki and Mi Suzuki and S. Suzuki and T. Suzuki and Y. Suzuki and J. Svoboda and T. Szabolics and T. Szepesi and Y. Takase and M. Takechi and K. Takeda and Y. Takeiri and H. Takenaga and C. Taliercio and N. Tamura and Hiro Tanaka and Hito Tanaka and K. Tanaka and Y. Tanaka and K. Tani and H. Tanigawa and M. Tardocchi and A. Terakado and M. Terakado and T. Terakado and B. Teuchner and B. Tilia and H. Tobari and H. Tobita and K. Tobita and K. Toi and N. Toida and H. Tojo and M. Tokitani and T. Tokuzawa and V. Tormarchio and M. Tomine and A. Torre and T. Totsuka and K. Tsuchiya and N. Tsujii and D. Tsuru and H. Tsutsui and M. Uchida and Y. Ueda and J. Uno and H. Urano and K. Usui and H. Utoh and M. Valisa and M. Vallar and R. Vallcorba-Carbonel and J. C. Vallet and J. Varela and J. Vega and M. Verrecchia and L. Vieillard and F. Villone and P. Vincenzi and K. Wada and R. Wada and T. Wakatsuki and M. Wanner and F. Watanabe and K. Watanabe and S. Watanabe and T. Wauters and S. Wiesen and M. Wischmeier and M. Yagi and J. Yagyu and M. Yajima and S. Yamamoto and H. Yamanaka and K. Yamauchi and Y. Yamauchi and H. Yamazaki and K. Yamazaki and R. Yamazaki and S. Yamoto and S. Yanagi and K. Yanagihara and S. Yokooka and M. Yokoyama and T. Yokoyama and M. Yoshida and M. Yoshimura and N. Yoshizawa and K. Yuinawa and L. Zani and P. Zito},
  doi       = {10.1088/1741-4326/AD34E4},
  issn      = {0029-5515},
  issue     = {11},
  journal   = {Nuclear Fusion},
  keywords  = {Broader Approach activities,JT-60SA,integrated commissioning,international collaboration,maintenance and enhancement,risk mitigation measures,superconducting tokamak},
  month     = {9},
  pages     = {112008},
  publisher = {IOP Publishing},
  title     = {Recent progress of JT-60SA project toward plasma operation},
  volume    = {64},
  year      = {2024},
  language  = {english}
}

@techreport{FIA,
  city        = {Washington},
  institution = {Fusion Industry Association},
  title       = {The global fusion industry in 2024},
  url         = {https://www.fusionindustryassociation.org/wp-content/uploads/2024/07/2024-annual-global-fusion-industry-report.pdf},
  year        = {2024},
  language    = {english},
  media       = {eresource}
}

@article{Keilhacker1999,
  author    = {M. Keilhacker and M. L. Watkins},
  doi       = {10.1016/S0022-3115(98)00811-3},
  issn      = {0022-3115},
  journal   = {Journal of Nuclear Materials},
  month     = {3},
  pages     = {1-13},
  publisher = {North-Holland},
  title     = {D–T experiments in the JET tokamak},
  volume    = {266-269},
  year      = {1999},
  language  = {english}
}

@article{Krasilnikov2021,
  author  = {А. В. Красильников and С. В. Коновалов and Э. Н. Бондарчук and И. В. Мазуль and И. Ю. Родин and А. Б. Минеев and Е. Г. Кузьмин and А. А. Кавин and Д. А. Карпов and В. М. Леонов and Р. Р. Хайрутдинов and А. С. Кукушкин and Д. В. Портнов and А. А. Иванов and Ю.И. Бельченко and Г.Г. Денисов},
  doi     = {10.31857/S0367292121110196},
  issn    = {0367-2921},
  issue   = {11},
  journal = {Физика плазмы},
  pages   = {970-985},
  title   = {Токамак с реакторными технологиями (TRT): концепция, миссии, основные особенности и ожидаемые характеристики},
  volume  = {47},
  year    = {2021}
}

@article{Pitts2025,
  author    = {R. A. Pitts and A. Loarte and T. Wauters and M. Dubrov and Y. Gribov and F. Köchl and A. Pshenov and Y. Zhang and J. Artola and X. Bonnin and L. Chen and M. Lehnen and K. Schmid and R. Ding and H. Frerichs and R. Futtersack and X. Gong and G. Hagelaar and E. Hodille and J. Hobirk and S. Krat and D. Matveev and K. Paschalidis and J. Qian and S. Ratynskaia and T. Rizzi and V. Rozhansky and P. Tamain and P. Tolias and L. Zhang and W. Zhang},
  doi       = {10.1016/J.NME.2024.101854},
  issn      = {2352-1791},
  journal   = {Nuclear Materials and Energy},
  keywords  = {Boronization,First Wall,Limiter start-up,Runaway electrons,SOLPS-ITER,Tungsten},
  month     = {3},
  pages     = {101854},
  publisher = {Elsevier},
  title     = {Plasma-wall interaction impact of the ITER re-baseline},
  volume    = {42},
  year      = {2025},
  language  = {english}
}

@article{Barabaschi2025,
  author    = {Pietro Barabaschi and Arnaud Fossen and Alberto Loarte and Alain Becoulet and Laban Coblentz},
  doi       = {10.1016/J.FUSENGDES.2025.114990},
  issn      = {0920-3796},
  journal   = {Fusion Engineering and Design},
  keywords  = {ITER facility,Lessons Learned,Licensing for nuclear fusion,Project baseline,Risk Mitigation},
  month     = {6},
  pages     = {114990},
  publisher = {North-Holland},
  title     = {ITER progresses into new baseline},
  volume    = {215},
  year      = {2025},
  language  = {english}
}

@article{Gasparyan2024,
  author  = {Ю. М. Гаспарян and С. А. Крат},
  doi     = {10.21517/0202-3822-2024-47-1-5-14},
  issue   = {47},
  journal = {ВАНТ. Сер. Термоядерный синтез},
  pages   = {5-14},
  title   = {Влияние выбора материала облицовки стенок термоядерных установок на накопление изотопов водорода},
  volume  = {45},
  year    = {2024}
}

@article{Rohde2009,
  abstract  = {Gas balance investigations were performed at the strongly pumped divertor tokamak ASDEX Upgrade. The gas inlet and pumping systems have been recalibrated, reaching an accuracy of about 3%, which is mostly given by uncertainties of the gas temperature. Clear saturation of the wall is observed after the wall is loaded with 19 × 1021 at almost independent from details of the discharge program. For a saturated wall the retention of 1.5 ± 3.2 % is found. In former carbon wall experiments wall saturation is also found, but a higher D-retention is observed. © 2009 Elsevier B.V. All rights reserved.},
  author    = {V. Rohde and V. Mertens and A. Scarabosio},
  doi       = {10.1016/J.JNUCMAT.2009.01.047},
  issn      = {0022-3115},
  issue     = {1},
  journal   = {Journal of Nuclear Materials},
  month     = {6},
  pages     = {474-477},
  publisher = {North-Holland},
  title     = {Gas balance in ASDEX Upgrade with tungsten first wall},
  volume    = {390-391},
  year      = {2009},
  language  = {english}
}

@article{Bachmann2016,
  author    = {C. Bachmann and F. Arbeiter and L. V. Boccaccini and M. Coleman and G. Federici and U. Fischer and R. Kemp and F. Maviglia and G. Mazzone and P. Pereslavtsev and R. Roccella and N. Taylor and R. Villari and F. Villone and R. Wenninger and J. H. You},
  doi       = {10.1016/J.FUSENGDES.2016.05.040},
  issn      = {0920-3796},
  journal   = {Fusion Engineering and Design},
  keywords  = {Breeding blanket,DEMO,Design integration,In-vessel components,Tokamak},
  month     = {11},
  pages     = {527-534},
  publisher = {North-Holland},
  title     = {Issues and strategies for DEMO in-vessel component integration},
  volume    = {112},
  year      = {2016},
  language  = {english}
}

@article{Schweer2009,
  author    = {B. Schweer and F. Irrek and M. Zlobinski and A. Huber and G. Sergienko and S. Brezinsek and V. Philipps and U. Samm},
  doi       = {10.1016/J.JNUCMAT.2009.01.108},
  issn      = {0022-3115},
  issue     = {1},
  journal   = {Journal of Nuclear Materials},
  keywords  = {32.10.Bi,52.70.Nc,78.70.-g,79.20.Ds},
  month     = {6},
  pages     = {576-580},
  publisher = {North-Holland},
  title     = {In situ detection of hydrogen retention in TEXTOR by laser induced desorption},
  volume    = {390-391},
  year      = {2009},
  language  = {english}
}
@article{Medvedev2024,
  author    = {O. S. Medvedev and A. G. Razdobarin and E. V. Shubina (Smirnova) and M. V. Grishaev and D. I. Elets and L. A. Snigirev and A. S. Kolomiytsev and A. V. Nikolaev},
  doi       = {10.1016/J.NME.2024.101829},
  issn      = {2352-1791},
  journal   = {Nuclear Materials and Energy},
  keywords  = {Hydrogen retention,LIA-QMS,LID-QMS,Tokamak},
  month     = {12},
  pages     = {101829},
  publisher = {Elsevier},
  title     = {LIA-QMS method for the quantity analysis of the hydrogen isotopes retention in first-wall components of Globus-M2 tokamak},
  volume    = {41},
  year      = {2024},
  language  = {english}
}
@article{Zlobinski2024,
  abstract  = {The paper reports the first demonstration of in situ laser-induced desorption — quadrupole mass spectrometry (LID-QMS) application on a large scale fusion device performed in summer 2023. LID-QMS allows direct measurements of the fuel inventory of plasma facing components without retrieving them from the fusion device. The diagnostic desorbs the retained gases by heating a 3 mm diameter spot on the wall using a 1 ms long laser pulse and detects them by QMS. Thus, it can measure the gas content at any wall position accessible to the laser. The successful LID-QMS application in laboratory scale and on medium size fusion devices has now been demonstrated on the larger scale and it is already foreseen as tritium monitor diagnostic in ITER. This in situ diagnostic gives direct access to retention physics on a short timescale instead of campaign-integrated measurements and can assess the space-resolvedefficacy of detritation methods. LID-QMS can be applied on many materials: on Be deposits like in JET, B deposits like in TEXTOR, C based materials or on bulk-W.},
  author    = {M. Zlobinski and G. Sergienko and I. Jepu and C. Rowley and A. Widdowson and R. Ellis and D. Kos and I. Coffey and M. Fortune and D. Kinna and M. Beldishevski and A. Krimmer and H. T. Lambertz and A. Terra and A. Huber and S. Brezinsek and T. Dittmar and M. Flebbe and R. Yi and R. Rayaprolu and J. Figueiredo and P. Blatchford and S. Silburn and E. Tsitrone and E. Joffrin and K. Krieger and Y. Corre and A. Hakola and J. Likonen},
  doi       = {10.1088/1741-4326/AD52A5},
  issn      = {0029-5515},
  issue     = {8},
  journal   = {Nuclear Fusion},
  keywords  = {JET,beryllium,desorption,deuterium,fuel retention,laser,tritium},
  month     = {6},
  pages     = {086031},
  publisher = {IOP Publishing},
  title     = {First results of laser-induced desorption - quadrupole mass spectrometry (LID-QMS) at JET},
  volume    = {64},
  year      = {2024},
  language  = {english}
}

@article{Rusinov2009,
  title     = {Стенд для термодесорбционных измерений},
  author    = {Русинов, А. А. and Гаспарян, Ю. М. and Перелыгин, С. Ф. and Писарев, А. А. and Степанов, С. О. and Трифонов, Н. Н.},
  journal   = {Приборы и техника эксперимента},
  number    = {6},
  pages     = {116--121},
  year      = {2009},
  publisher = {Федеральное государственное бюджетное учреждение" Российская академия наук"}
}

@article{Mazul2021,
  title   = {Компоненты, обращённые к плазме, в проекте ТРТ: конструкция, материалы и технологии},
  author  = {Мазуль, И. В. and Гиниятулин, Р. Н. and Кавин, А. А. and Литуновский, Н. В. and Маханьков, А. Н. and Пискарев, П. Ю. and Танчук, В. Н.},
  journal = {Физика плазмы},
  number  = {12},
  pages   = {1103--1122},
  year    = {2021},
  doi     = {10.31857/S0367292121110214}
}

@article{Pitts2019,
  author    = {R. A. Pitts and X. Bonnin and F. Escourbiac and H. Frerichs and J. P. Gunn and T. Hirai and A. S. Kukushkin and E. Kaveeva and M. A. Miller and D. Moulton and V. Rozhansky and I. Senichenkov and E. Sytova and O. Schmitz and P. C. Stangeby and G. De Temmerman and I. Veselova and S. Wiesen},
  doi       = {10.1016/J.NME.2019.100696},
  issn      = {2352-1791},
  journal   = {Nuclear Materials and Energy},
  keywords  = {Divertor,Heat fluxes,ITER,SOLPS,Tungsten},
  month     = {8},
  pages     = {100696},
  publisher = {Elsevier},
  title     = {Physics basis for the first ITER tungsten divertor},
  volume    = {20},
  year      = {2019},
  language  = {english}
}

@article{Orrico2023,
  title     = {Evaluation of ITER divertor shunts as a synthetic diagnostic for detachment control},
  author    = {Orrico, Christopher A and Ravensbergen, Timo and Pitts, Richard A and Bonnin, Xavier and Kaveeva, Elizaveta and Park, Jae-Sun and Rozhansky, Vladimir and Senichenkov, Ilya and Watts, Christopher and De Baar, M},
  journal   = {Nuclear Fusion},
  volume    = {63},
  number    = {8},
  pages     = {086002},
  year      = {2023},
  publisher = {IOP Publishing}
}

@article{Pitts2017,
  author    = {R. A. Pitts and S. Bardin and B. Bazylev and M. A. van den Berg and P. Bunting and S. Carpentier-Chouchana and J. W. Coenen and Y. Corre and R. Dejarnac and F. Escourbiac and J. Gaspar and J. P. Gunn and T. Hirai and S. H. Hong and J. Horacek and D. Iglesias and M. Komm and K. Krieger and C. Lasnier and G. F. Matthews and T. W. Morgan and S. Panayotis and S. Pestchanyi and A. Podolnik and R. E. Nygren and D. L. Rudakov and G. De Temmerman and P. Vondracek and J. G. Watkins},
  doi       = {10.1016/J.NME.2017.03.005},
  issn      = {2352-1791},
  journal   = {Nuclear Materials and Energy},
  keywords  = {Divertor,ITER,MEMOS,Melting,Shaping,Tungsten},
  month     = {8},
  pages     = {60-74},
  publisher = {Elsevier},
  title     = {Physics conclusions in support of ITER W divertor monoblock shaping},
  volume    = {12},
  year      = {2017},
  language  = {english}
}

@article{hender2007mhd,
  title     = {MHD stability, operational limits and disruptions},
  author    = {Hender, TC and Wesley, JC and Bialek, J and Bondeson, A and Boozer, AH and Buttery, RJ and Garofalo, A and Goodman, TP and Granetz, RS and Gribov, Y and others},
  journal   = {Nuclear fusion},
  volume    = {47},
  number    = {6},
  pages     = {S128},
  year      = {2007},
  publisher = {IOP Publishing},
  language  = {english}
}

@article{Leonard2014,
  author    = {A. W. Leonard},
  doi       = {10.1063/1.4894742/625104},
  issn      = {10897674},
  issue     = {9},
  journal   = {Physics of Plasmas},
  month     = {9},
  pages     = {90501},
  publisher = {American Institute of Physics Inc.},
  title     = {Edge-localized-modes in tokamaks},
  volume    = {21},
  year      = {2014},
  language  = {english}
}

@article{zohm1996edge,
  title     = {Edge localized modes (ELMs)},
  author    = {Zohm, Hartmut},
  journal   = {Plasma Physics and Controlled Fusion},
  volume    = {38},
  number    = {2},
  pages     = {105},
  year      = {1996},
  publisher = {IOP Publishing},
  language  = {english}
}

@article{Loarte2003,
  author    = {A. Loarte and G. Saibene and R. Sartori and D. Campbell and M. Becoulet and L. Horten and T. Eich and A. Herrmann and G. Matthews and N. Asakura and A. Chankin and A. Leonard and G. Porter and G. Federici and G. Janeschitz and M. Shimada and M. Sugihara},
  doi       = {10.1088/0741-3335/45/9/302},
  issn      = {0741-3335},
  issue     = {9},
  journal   = {Plasma Physics and Controlled Fusion},
  month     = {8},
  pages     = {1549},
  publisher = {IOP Publishing},
  title     = {Characteristics of type I ELM energy and particle losses in existing devices and their extrapolation to ITER},
  volume    = {45},
  year      = {2003},
  language  = {english}
}

@article{Linke2019,
  author    = {Jochen Linke and Juan Du and Thorsten Loewenhoff and Gerald Pintsuk and Benjamin Spilker and Isabel Steudel and Marius Wirtz},
  doi       = {10.1063/1.5090100/253043},
  issn      = {2468080X},
  issue     = {5},
  journal   = {Matter and Radiation at Extremes},
  month     = {9},
  pages     = {56201},
  publisher = {American Institute of Physics Inc.},
  title     = {Challenges for plasma-facing components in nuclear fusion},
  volume    = {4},
  year      = {2019},
  language  = {english}
}


@article{Lehnen2015,
  author    = {M. Lehnen and K. Aleynikova and P. B. Aleynikov and D. J. Campbell and P. Drewelow and N. W. Eidietis and Yu Gasparyan and R. S. Granetz and Y. Gribov and N. Hartmann and E. M. Hollmann and V. A. Izzo and S. Jachmich and S. H. Kim and M. Kočan and H. R. Koslowski and D. Kovalenko and U. Kruezi and A. Loarte and S. Maruyama and G. F. Matthews and P. B. Parks and G. Pautasso and R. A. Pitts and C. Reux and V. Riccardo and R. Roccella and J. A. Snipes and A. J. Thornton and P. C. De Vries},
  doi       = {10.1016/J.JNUCMAT.2014.10.075},
  issn      = {0022-3115},
  journal   = {Journal of Nuclear Materials},
  month     = {8},
  pages     = {39-48},
  publisher = {North-Holland},
  title     = {Disruptions in ITER and strategies for their control and mitigation},
  volume    = {463},
  year      = {2015},
  language  = {english}
}

@article{Lang2013,
  author    = {P. T. Lang and A. Loarte and G. Saibene and L. R. Baylor and M. Becoulet and M. Cavinato and S. Clement-Lorenzo and E. Daly and T. E. Evans and M. E. Fenstermacher and Y. Gribov and L. D. Horton and C. Lowry and Y. Martin and O. Neubauer and N. Oyama and M. J. Schaffer and D. Stork and W. Suttrop and P. Thomas and M. Tran and H. R. Wilson and A. Kavin and O. Schmitz},
  doi       = {10.1088/0029-5515/53/4/043004},
  issn      = {0029-5515},
  issue     = {4},
  journal   = {Nuclear Fusion},
  month     = {3},
  pages     = {043004},
  publisher = {IOP Publishing},
  title     = {ELM control strategies and tools: status and potential for ITER},
  volume    = {53},
  year      = {2013},
  language  = {english}
}

@article{Evans2013,
  author    = {T. E. Evans},
  doi       = {10.1016/J.JNUCMAT.2013.01.283},
  issn      = {0022-3115},
  issue     = {SUPPL},
  journal   = {Journal of Nuclear Materials},
  month     = {7},
  pages     = {S11-S18},
  publisher = {North-Holland},
  title     = {ELM mitigation techniques},
  volume    = {438},
  year      = {2013},
  language  = {english}
}

@article{DeTemmerman2021,
  author    = {Gregory De Temmerman and Kalle Heinola and Dmitriy Borodin and Sebastijan Brezinsek and Russell P. Doerner and Marek Rubel and Elżbieta Fortuna-Zaleśna and Christian Linsmeier and Daisuke Nishijima and Kai Nordlund and Michael Probst and Juri Romazanov and Elnaz Safi and Thomas Schwarz-Selinger and Anna Widdowson and Bastiaan J. Braams and Hyun Kyung Chung and Christian Hill},
  doi       = {10.1016/J.NME.2021.100994},
  issn      = {2352-1791},
  journal   = {Nuclear Materials and Energy},
  keywords  = {Beryllium,Controlled fusion,Dust,Erosion–deposition,Plasma-facing material},
  month     = {6},
  pages     = {100994},
  publisher = {Elsevier},
  title     = {Data on erosion and hydrogen fuel retention in Beryllium plasma-facing materials},
  volume    = {27},
  year      = {2021},
  language  = {english}
}

@article{Rivals2022,
  author    = {Nicolas Rivals and Patrick Tamain and Yannick Marandet and Xavier Bonnin and Hugo Bufferand and Richard A. Pitts and Gloria Falchetto and Hao Yang and Guido Ciraolo},
  doi       = {10.1016/J.NME.2022.101293},
  issn      = {2352-1791},
  journal   = {Nuclear Materials and Energy},
  keywords  = {Edge plasma,First-wall,Iter,Plasma–neutral interactions,Scrape-off layer,Simulation},
  month     = {10},
  pages     = {101293},
  publisher = {Elsevier},
  title     = {Impact of enhanced far-SOL transport on first wall fluxes in ITER from full vessel edge-plasma simulations},
  volume    = {33},
  year      = {2022},
  language  = {english}
}

@article{DeTemmerman2018,
  author    = {G. De Temmerman and T. Hirai and R. A. Pitts},
  doi       = {10.1088/1361-6587/AAAF62},
  issn      = {0741-3335},
  issue     = {4},
  journal   = {Plasma Physics and Controlled Fusion},
  keywords  = {ITER,divertor,plasma-surface interactions,tungsten},
  month     = {3},
  pages     = {044018},
  publisher = {IOP Publishing},
  title     = {The influence of plasma-surface interaction on the performance of tungsten at the ITER divertor vertical targets},
  volume    = {60},
  year      = {2018},
  language  = {english}
}

@article{Guillemaut2015,
  author    = {C. Guillemaut and A. Jardin and J. Horacek and A. Autricque and G. Arnoux and J. Boom and S. Brezinsek and J. W. Coenen and E. De La Luna and S. Devaux and T. Eich and C. Giroud and D. Harting and A. Kirschner and B. Lipschultz and G. F. Matthews and D. Moulton and M. O'Mullane and M. Stamp},
  doi       = {10.1088/0741-3335/57/8/085006},
  issn      = {0741-3335},
  issue     = {8},
  journal   = {Plasma Physics and Controlled Fusion},
  keywords  = {JET ITER-like wall,edge localized modes,magnetic confinement fusion},
  month     = {7},
  pages     = {085006},
  publisher = {IOP Publishing},
  title     = {Ion target impact energy during Type I edge localized modes in JET ITER-like Wall},
  volume    = {57},
  year      = {2015},
  language  = {english}
}
@article{Guillemaut2018,
  author    = {C. Guillemaut and C. Metzger and D. Moulton and K. Heinola and M. O'Mullane and I. Balboa and J. Boom and G. F. Matthews and S. Silburn and E. R. Solano},
  doi       = {10.1088/1741-4326/AAB7B1},
  issn      = {0029-5515},
  issue     = {6},
  journal   = {Nuclear Fusion},
  keywords  = {H-mode,JET-ILW,edge physics,edge-localized modes,magnetic confinement fusion,plasma physics,plasma-wall interaction},
  month     = {4},
  pages     = {066006},
  publisher = {IOP Publishing},
  title     = {Experimental validation of an analytical kinetic model for edge-localized modes in JET-ITER-like wall},
  volume    = {58},
  year      = {2018},
  language  = {english}
}

@article{Eich2017,
  author    = {T. Eich and B. Sieglin and A. J. Thornton and M. Faitsch and A. Kirk and A. Herrmann and W. Suttrop},
  doi       = {10.1016/J.NME.2017.04.014},
  issn      = {2352-1791},
  journal   = {Nuclear Materials and Energy},
  month     = {8},
  pages     = {84-90},
  publisher = {Elsevier},
  title     = {ELM divertor peak energy fluence scaling to ITER with data from JET, MAST and ASDEX upgrade},
  volume    = {12},
  year      = {2017},
  language  = {english}
}

@article{Kajita2018,
  author    = {Shin Kajita and Tomohiro Nojima and Yudai Tomita and Noriyasu Ohno and Hirohiko Tanaka and Naoaki Yoshida and Miyuki Yajima and Tsuyoshi Akiyama and Masayuki Tokitani and Takashi Yagi},
  doi       = {10.1016/J.SURFCOAT.2018.02.026},
  issn      = {0257-8972},
  journal   = {Surface and Coatings Technology},
  keywords  = {Helium bubbles,Nanostructure,Plasma irradiation,Precious metals},
  month     = {4},
  pages     = {86-92},
  publisher = {Elsevier},
  title     = {Fuzzy nanostructure growth on precious metals by He plasma irradiation},
  volume    = {340},
  year      = {2018}
}


@article{Ueda2018,
  author    = {Y. Ueda and N. Yamashita and K. Omori and H. T. Lee and K. Ibano and A. M. Ito},
  doi       = {10.1016/J.JNUCMAT.2018.04.024},
  issn      = {0022-3115},
  journal   = {Journal of Nuclear Materials},
  keywords  = {He bubble,He plasma,Nano-fiber,Period 6 metals},
  month     = {12},
  pages     = {605-609},
  publisher = {North-Holland},
  title     = {Systematic study of He induced nano-fiber formation of W and other period 6 transition metals},
  volume    = {511},
  year      = {2018},
  language  = {english}
}
@article{Fedorovich2019,
  author    = {S. D. Fedorovich and V. P. Budaev and Yu V. Martynenko and A. V. Karpov and M. K. Gubkin and M. V. Lukashevsky and A. V. Lazukin and A. Yu Marchenkov and D. N. Gerasimov and G. Van Oost and E. V. Sviridov and E. A. Shestakov and I. V. Voinkova and D. S. Gvozdevskaya and K. A. Rogozin and Z. A. Zakletsky},
  doi       = {10.1088/1742-6596/1370/1/012044},
  issn      = {1742-6596},
  issue     = {1},
  journal   = {Journal of Physics: Conference Series},
  keywords  = {open access proceedings template fast affordable flexible},
  month     = {11},
  pages     = {012044},
  publisher = {IOP Publishing},
  title     = {Growth of nanostructured highly porous surface on refractory metals under plasma treatment in the PLM device},
  volume    = {1370},
  year      = {2019},
  language  = {english}
}

@article{Villari2013,
  author    = {R. Villari and V. Barabash and F. Escourbiac and L. Ferrand and T. Hirai and V. Komarov and M. Loughlin and M. Merola and F. Moro and L. Petrizzi and S. Podda and E. Polunovsky and G. Brolatti},
  doi       = {10.1016/J.FUSENGDES.2013.02.156},
  issn      = {0920-3796},
  issue     = {9-10},
  journal   = {Fusion Engineering and Design},
  keywords  = {Divertor,ITER,MCNP,Neutronics},
  month     = {10},
  pages     = {2006-2010},
  publisher = {North-Holland},
  title     = {Nuclear analysis of the ITER full-tungsten divertor},
  volume    = {88},
  year      = {2013},
  language  = {english}
}

@techreport{eckstein2010penetration,
  title     = {Penetration (Range)},
  author    = {Eckstein, Wolfrang},
  year      = {2010},
  publisher = {Max-Planck-Institut f{\"u}r Plasmaphysik},
  language  = {english}
}

@book{international2001iaea,
  title     = {Atomic and Plasma–Material Interaction Data for Fusion},
  series    = {Atomic and Plasma–Material Interaction Data for Fusion},
  number    = {7/B},
  year      = {2001},
  url       = {https://www.iaea.org/publications/4709/atomic-and-plasma-material-interaction-data-for-fusion},
  publisher = {INTERNATIONAL ATOMIC ENERGY AGENCY},
  address   = {Vienna},
  language  = {english}
}

@article{Roth1999,
  author    = {Joachim Roth},
  doi       = {10.1016/S0022-3115(98)00658-8},
  issn      = {0022-3115},
  journal   = {Journal of Nuclear Materials},
  month     = {3},
  pages     = {51-57},
  publisher = {North-Holland},
  title     = {Chemical erosion of carbon based materials in fusion devices},
  volume    = {266-269},
  year      = {1999},
  language  = {english}
}

@article{Roth2004,
  author    = {J. Roth and R. Preuss and W. Bohmeyer and S. Brezinsek and A. Cambe and E. Casarotto and R. Doerner and E. Gauthier and G. Federici and S. Higashijima and J. Hogan and A. Kallenbach and A. Kirschner and H. Kubo and J. M. Layet and T. Nakano and V. Philipps and A. Pospieszczyk and R. Pugno and R. Ruggiéri and B. Schweer and G. Sergienko and M. Stamp},
  doi       = {10.1088/0029-5515/44/11/L01},
  issn      = {0029-5515},
  issue     = {11},
  journal   = {Nuclear Fusion},
  month     = {11},
  pages     = {L21-L25},
  publisher = {IOP Publishing},
  title     = {Flux dependence of carbon chemical erosion by deuterium ions},
  volume    = {44},
  year      = {2004},
  language  = {english}
}

@article{Brezinsek2015,
  title     = {Plasma-surface interaction in the Be/W environment: Conclusions drawn from the JET-ILW for ITER},
  author    = {Brezinsek, Sebastijan and JET-EFDA contributors},
  journal   = {Journal of Nuclear Materials},
  volume    = {463},
  pages     = {11-21},
  year      = {2015},
  publisher = {Elsevier},
  language  = {english}
}

@book{behrisch_2025,
  author    = {Behrisch, Rainer and
               Eckstein, Wolfgang},
  title     = {{Sputtering by particle bombardment. Experiments 
               and computer calculations from threshold to MeV
               energies}},
  publisher = {Springer},
  year      = {2025},
  volume    = {110},
  month     = {1},
  doi       = {10.1007/978-3-540-44502-9},
  language  = {english}
}

@article{Ptterich2019,
  author    = {T. Pütterich and E. Fable and R. Dux and M. O'Mullane and R. Neu and M. Siccinio},
  doi       = {10.1088/1741-4326/AB0384},
  issn      = {0029-5515},
  issue     = {5},
  journal   = {Nuclear Fusion},
  keywords  = {cooling factor,fusion reactor,fusion yield,helium,impurity},
  month     = {3},
  pages     = {056013},
  publisher = {IOP Publishing},
  title     = {Determination of the tolerable impurity concentrations in a fusion reactor using a consistent set of cooling factors},
  volume    = {59},
  year      = {2019},
  language  = {english}
}

@article{Begrambekov2023,
  author  = {Беграмбеков, Л. Б. and Пунтаков, Н. А. and Айрапетов, А. А. and Грунин, А. В. and Довганюк, С. С. and Захаров, А. М. and Саввин, Н. О. and Грашин, С. А. and Архипов, И. И.},
  title   = {Измерение характеристик мелкозернистого графита – материала первой стенки Токамака Т-15МД},
  journal = {Поверхность. Рентгеновские, синхротронные и нейтронные исследования},
  pages   = {101--112},
  number  = {12},
  year    = {2023},
  issn    = {1028-0960},
  doi     = {10.31857/S1028096023080058}
}

@article{Merola2004,
  author    = {M. Merola and C. H. Wu},
  doi       = {10.1238/PHYSICA.TOPICAL.111A00152/XML},
  issn      = {02811847},
  issue     = {T111},
  journal   = {Physica Scripta T},
  month     = {1},
  pages     = {152-156},
  publisher = {IOP Publishing},
  title     = {Development of carbon materials and plasma facing components for ITER},
  volume    = {T111},
  year      = {2004},
  language  = {english}
}

@article{Ho1974,
  author   = {Ho, C.Y. and Powell, R.W. and Liley, P.E.},
  title    = {{Thermal conductivity of the elements: A comprehensive review}},
  journal  = {J. Phys. Chem. Ref. Data, Suppl.},
  year     = {1974},
  volume   = {3},
  number   = {1},
  pages    = {1-796},
  month    = {12},
  language = {english}
}

@article{Brezinsek2014,
  author    = {S. Brezinsek and M. F. Stamp and D. Nishijima and D. Borodin and S. Devaux and K. Krieger and S. Marsen and M. O'Mullane and C. Bjoerkas and A. Kirschner and JET EFDA contributors},
  doi       = {10.1088/0029-5515/54/10/103001},
  issn      = {0029-5515},
  issue     = {10},
  journal   = {Nuclear Fusion},
  keywords  = {BeD,ERO,JET tokamak,beryllium erosion,physical sputtering},
  month     = {9},
  pages     = {103001},
  publisher = {IOP Publishing},
  title     = {Study of physical and chemical assisted physical sputtering of beryllium in the JET ITER-like wall},
  volume    = {54},
  year      = {2014},
  language  = {english}
}

@article{Strupp2011,
  author    = {Christian Strupp},
  doi       = {10.1093/ANNHYG/MEQ073},
  issn      = {0003-4878},
  issue     = {1},
  journal   = {The Annals of Occupational Hygiene},
  keywords  = {beryllium,carcinogenicity,classification,epidemiology,genotoxicity,inhalation,sensitization},
  month     = {1},
  pages     = {43-56},
  pmid      = {21196456},
  publisher = {Oxford Academic},
  title     = {Beryllium Metal II. A Review of the Available Toxicity Data},
  volume    = {55},
  year      = {2011},
  language  = {english}
}

@article{Wu1994,
  author    = {C. H. Wu and J. P. Bonal and B. Thiele and G. Tsotridis and H. Kwast and H. Werle and J. P. Coad and G. Federici and G. Vieider},
  doi       = {10.1016/0022-3115(94)90096-5},
  issn      = {0022-3115},
  issue     = {PART 1},
  journal   = {Journal of Nuclear Materials},
  month     = {9},
  pages     = {416-420},
  publisher = {North-Holland},
  title     = {Neutron irradiation effects on the properties of carbon materials},
  volume    = {212-215},
  year      = {1994},
  language  = {english}
}
@article{Seyedhabashi2025,
  author    = {Mir Mohammadreza Seyedhabashi and Maryam Ebrahimi and Ehsanollah Noori and Mehdi Janbazi},
  doi       = {10.1016/J.RINMA.2025.100698},
  issn      = {2590-048X},
  journal   = {Results in Materials},
  keywords  = {Graphite irradiation,High-energy protons,Plasma focus device,Radiation damage,Structural analysis,X-ray diffraction (XRD)},
  month     = {6},
  pages     = {100698},
  publisher = {Elsevier},
  title     = {Investigating graphite surface and structural modifications induced by hydrogen ion bombardment in a plasma focus device},
  volume    = {26},
  year      = {2025},
  language  = {english}
}
@article{Begrambekov2019,
  author    = {L. B. Begrambekov and A. V. Grunin and G. D. Dolganov and N. A. Puntakov and K. M. Titkova},
  doi       = {10.1088/1742-6596/1328/1/012031},
  issn      = {1742-6596},
  issue     = {1},
  journal   = {Journal of Physics: Conference Series},
  keywords  = {affordable,fast,flexible,open access,proceedings,template},
  month     = {10},
  pages     = {012031},
  publisher = {IOP Publishing},
  title     = {Temperature dependence of erosion of graphite under high-temperature ion irradiation},
  volume    = {1328},
  year      = {2019},
  language  = {english}
}
@article{Wang2018,
  author    = {Lei Wang and Zijie Li and Rui Ding and al - and Chao-Yu Sie and Hung-Wen Chang and Cheng-Che Hsu and L B Begrambekov and A V Grunin and G D Dolganov and N A Puntakov and K M Titkova},
  doi       = {10.1088/1742-6596/1121/1/012006},
  issn      = {1742-6596},
  issue     = {1},
  journal   = {Journal of Physics: Conference Series},
  month     = {11},
  pages     = {012006},
  publisher = {IOP Publishing},
  title     = {Dose dependence of the erosion of graphite under high temperature ion irradiation},
  volume    = {1121},
  year      = {2018},
  language  = {english}
}

@article{Kesternich2003,
  author    = {W. Kesternich and H. Ullmaier},
  doi       = {10.1016/S0022-3115(02)01637-9},
  issn      = {0022-3115},
  issue     = {2-3},
  journal   = {Journal of Nuclear Materials},
  month     = {2},
  pages     = {212-223},
  publisher = {North-Holland},
  title     = {Mechanical properties and microstructure of helium-implanted beryllium},
  volume    = {312},
  year      = {2003},
  language  = {english}
}
@article{Gilbert2012,
  author    = {M. R. Gilbert and S. L. Dudarev and S. Zheng and L. W. Packer and J. Ch Sublet},
  doi       = {10.1088/0029-5515/52/8/083019},
  issn      = {0029-5515},
  issue     = {8},
  journal   = {Nuclear Fusion},
  month     = {8},
  pages     = {083019},
  publisher = {IOP Publishing},
  title     = {An integrated model for materials in a fusion power plant: transmutation, gas production, and helium embrittlement under neutron irradiation},
  volume    = {52},
  year      = {2012},
  language  = {english}
}

@article{Piskarev2024,
  author    = {P. Yu Piskarev and I. V. Mazul and A. N. Makhankov and M. S. Kolesnik and E. V. Okuneva and N. V. Litunovsky},
  doi       = {10.1134/S1063778824130064/FIGURES/14},
  issn      = {1562692X},
  issue     = {Suppl 1},
  journal   = {Physics of Atomic Nuclei},
  keywords  = {armour material,beryllium,carbon,divertor,first wall,heat-sink structure,plasma-facing components,tokamak of reactor technology,tungsten},
  month     = {12},
  pages     = {S48-S59},
  publisher = {Pleiades Publishing},
  title     = {Plasma-Facing Components in the TRT Project: A Design, Materials, and Technologies},
  volume    = {87},
  year      = {2024},
  language  = {english}
}

@article{Pintsuk2012,
  author    = {G. Pintsuk},
  doi       = {10.1016/B978-0-08-056033-5.00118-X},
  isbn      = {9780080560335},
  journal   = {Comprehensive Nuclear Materials: Volume 1-5},
  keywords  = {Neutron irradiation,Plasma wall interaction,Plasma-facing material,Thermal fatigue,Thermal shock},
  month     = {1},
  pages     = {551-581},
  publisher = {Elsevier},
  title     = {Tungsten as a Plasma-Facing Material},
  volume    = {1-5},
  year      = {2012},
  language  = {english}
}

@article{Roth2011,
  author    = {Joachim Roth and Klaus Schmid},
  doi       = {10.1088/0031-8949/2011/T145/014031},
  issn      = {1402-4896},
  issue     = {T145},
  journal   = {Physica Scripta},
  keywords  = {6172Qq,6180Jh,numbers: 5240Hf},
  month     = {12},
  pages     = {014031},
  publisher = {IOP Publishing},
  title     = {Hydrogen in tungsten as plasma-facing material},
  volume    = {2011},
  year      = {2011},
  language  = {english}
}


@article{Rieth2019,
  author    = {Michael Rieth and Russell Doerner and Akira Hasegawa and Yoshio Ueda and Marius Wirtz},
  doi       = {10.1016/J.JNUCMAT.2019.03.035},
  issn      = {0022-3115},
  journal   = {Journal of Nuclear Materials},
  keywords  = {High heat flux,Neutron irradiation,Plasma interaction,Surface modification,Tritium retention,Tungsten},
  month     = {6},
  pages     = {334-368},
  publisher = {North-Holland},
  title     = {Behavior of tungsten under irradiation and plasma interaction},
  volume    = {519},
  year      = {2019},
  language  = {english}
}

@article{Winter1996,
  title     = {Wall conditioning in fusion devices and its influence on plasma performance},
  author    = {Winter, J{\"o}rg},
  journal   = {Plasma Physics and Controlled Fusion},
  volume    = {38},
  number    = {9},
  pages     = {1503},
  year      = {1996},
  publisher = {IOP Publishing},
  language  = {english}
}

@article{Wauters2020,
  author    = {T. Wauters and D. Borodin and R. Brakel and S. Brezinsek and K. J. Brunner and J. Buermans and S. Coda and A. Dinklage and D. Douai and O. Ford and G. Fuchert and A. Goriaev and H. Grote and A. Hakola and E. Joffrin and J. Knauer and T. Loarer and H. Laqua and A. Lyssoivan and V. Moiseenko and D. Moseev and J. Ongena and K. Rahbarnia and D. Ricci and V. Rohde and S. Romanelli and S. Sereda and T. Stange and F. L. Tabarés and Lilla Vanó and O. Volzke and E. Wang},
  doi       = {10.1088/1361-6587/AB5AD0},
  issn      = {0741-3335},
  issue     = {3},
  journal   = {Plasma Physics and Controlled Fusion},
  keywords  = {ITER,Jt-60sa,Rf conditioning,TCV Team 14,Tritium recovery,W7-X,W7-X Team,W7-x,Wall conditioning,tritium recovery},
  month     = {1},
  pages     = {034002},
  publisher = {IOP Publishing},
  title     = {Wall conditioning in fusion devices with superconducting coils},
  volume    = {62},
  year      = {2020},
  language  = {english}
}

@article{Skinner2009,
  author    = {Charles H. Skinner},
  doi       = {10.1063/1.3097310},
  issn      = {0094-243X},
  issue     = {1},
  journal   = {AIP Conference Proceedings},
  keywords  = {ITER,Tokamaks,Tritium removal,Tritium retention},
  month     = {2},
  pages     = {127-145},
  publisher = {AIP Publishing},
  title     = {Tritium Retention and Removal in Tokamaks},
  volume    = {1095},
  year      = {2009},
  language  = {english}
}

@article{Zhang2020,
  author    = {Hong Zhang and Xuexi Zhang and Li Qiao and Peng Wang},
  doi       = {10.1016/J.NME.2020.100822},
  issn      = {2352-1791},
  journal   = {Nuclear Materials and Energy},
  keywords  = {Deuterium retention,Impurities seeding plasma exposure,Tungsten,Tungsten alloys},
  month     = {12},
  pages     = {100822},
  publisher = {Elsevier},
  title     = {Deuterium retention in tungsten and tungsten alloys exposed to pure and impurities seeding deuterium plasma},
  volume    = {25},
  year      = {2020},
  language  = {english}
}
@article{Ogorodnikova2009,
  author    = {O. V. Ogorodnikova},
  doi       = {10.1016/J.JNUCMAT.2009.01.181},
  issn      = {0022-3115},
  issue     = {1},
  journal   = {Journal of Nuclear Materials},
  month     = {6},
  pages     = {651-654},
  publisher = {North-Holland},
  title     = {Ion-driven deuterium retention in high-Z metals},
  volume    = {390-391},
  year      = {2009},
  language  = {english}
}
@article{Ogorodnikova2003,
  author    = {O. V. Ogorodnikova and J. Roth and M. Mayer},
  doi       = {10.1016/S0022-3115(02)01375-2},
  issn      = {0022-3115},
  issue     = {SUPPL.},
  journal   = {Journal of Nuclear Materials},
  keywords  = {Deuterium,Implantation,Retention,Tungsten},
  month     = {3},
  pages     = {469-477},
  publisher = {North-Holland},
  title     = {Deuterium retention in tungsten in dependence of the surface conditions},
  volume    = {313-316},
  year      = {2003},
  language  = {english}
}
@article{Sugiyama2014,
  author    = {K. Sugiyama and M. Mayer and A. Herrmann and K. Krieger and V. Rohde and M. Balden and S. Lindig and R. Neu and H. W. Müller},
  doi       = {10.1088/0031-8949/2014/T159/014043},
  issn      = {1402-4896},
  issue     = {T159},
  journal   = {Physica Scripta},
  keywords  = {ASDEX Upgrade,divertor,fuel retention,tungsten},
  month     = {4},
  pages     = {014043},
  publisher = {IOP Publishing},
  title     = {Deuterium retention in tungsten used in ASDEX Upgrade: comparison of tokamak and laboratory studies},
  volume    = {2014},
  year      = {2014},
  language  = {english}
}

@unpublished{Krat2025,
  author   = {Stepan Krat and Dobrynia Kolodko and Ivan Sorokin and Alexander Prishvitsyn and Yury Gasparyan and Alexander Pisarev and Anton Putrik},
  doi      = {10.2139/ssrn.5210578},
  title    = {Effect of Substrate Biasing on Deuterium Retention in Deuterium-Tungsten Co-Deposited Films at Low Temperature},
  note     = {Pre-print: Journal of Nuclear Materials. --- DOI: \href{https://doi.org/10.2139/ssrn.5210578}{10.2139/ssrn.5210578}.},
  year     = {2025},
  language = {english}
}

@article{Gasparyan2019,
  author    = {Yury Gasparyan and Stepan Krat and Aibope Davletiyarova and Yana Vasina and Alexander Pisarev},
  doi       = {10.1016/J.FUSENGDES.2019.01.154},
  issn      = {0920-3796},
  journal   = {Fusion Engineering and Design},
  keywords  = {Aluminum,Hydrogen,Molybdenum,Nuclear fusion,Retention,Thermal desorption spectroscopy},
  month     = {9},
  pages     = {1043-1046},
  publisher = {North-Holland},
  title     = {Temperature dependence of hydrogen co-deposition with metals},
  volume    = {146},
  year      = {2019},
  language  = {english}
}
@article{Krat2020,
  author    = {S. Krat and M. Mayer and A. Baron-Wiechec and S. Brezinsek and P. Coad and Yu Gasparyan and K. Heinola and I. Jepu and J. Likonen and P. Petersson and C. Ruset and G. De Saint-Aubin and A. Widdowson},
  doi       = {10.1088/1402-4896/AB5C11},
  issn      = {1402-4896},
  issue     = {T171},
  journal   = {Physica Scripta},
  keywords  = {Beryllium,Deposition,Erosion,Hydrogen accumulation,Ion beam analysis,Jet-ilw,Tungsten},
  month     = {3},
  pages     = {014059},
  publisher = {IOP Publishing},
  title     = {Comparison of erosion and deposition in JET divertor during the first three ITER-like wall campaigns},
  volume    = {2020},
  year      = {2020},
  language  = {english}
}

@article{Bucalossi2024,
  author    = {J. Bucalossi and A. Ekedahl and the WEST Team and J. Achard and K. Afonin and O. Agullo and T. Alarcon and L. Allegretti and F. Almuhisen and H. Ancher and G. Antar and Y. Anquetin and S. Antusch and V. Anzallo and C. Arnas and J.F. Artaud and M.H. Aumeunier and S.G. Baek and X.Y. Bai and M. Balden and C. Balorin and T. Barbui and A. Barbuti and J. Barlerin and J. Barra and V. Basiuk and T. Batal and O. Baulaigue and A. Bec and M. Becoulet and E. Benoit and E. Bernard and J.M. Bernard and M. Bernert and N. Bertelli and E. Bertrand and P. Beyer and J. Bielecki and P. Bienvenu and R. Bisson and B. Bliewert and G. Bodner and S. Bose and C. Bottereau and C. Bouchand and Y. Boumendjel and F. Bouquey and C. Bourdelle and J. Bourg and S. Brezinsek and F. Brochard and C. Brun and V. Bruno and H. Bufferand and A. Bureau and S. Burles and Y. Camenen and B. Cantone and E. Caprin and M. Carole and S. Carpentier-Chouchana and G. Caulier and F. Causa and N. Cazanave and N. Chanet and O. Chellai and Y. Chen and M. Chernyshova and P. Chmielewski and W. Choe and A. Chomiczewska and G. Ciraolo and F. Clairet and J. Coenen and L. Colas and G. Colledani and J. Colnel and P. Coquillat and E. Corbel and Y. Corre and X. Courtois and T. Czarski and A. Da Ros and R. Daniel and J. Daumas and M. De Combarieu and P. De Vries and C. Dechelle and F. Deguara and R. Dejarnac and J.M. Delaplanche and L.F. Delgado-Aparicio and E. Delmas and L. Delpech and C. Desgranges and P. Devynck and J. Denis and S. Di Genova and R. Diab and A. Diallo and M. Diez and G. Dif-Pradalier and M. Dimitrova and R. Ding and T. Dittmar and L. Doceul and M. Domenes and D. Donovan and D. Douai and L. Dubus and N. Dumas and R. Dumont and F. Durand and A. Durif and F. Durodié and D. Elbeze and S. Ertmer and A. Escarguel and F. Escourbiac and B. Esposito and K. Ezato and F. Faisse and J.L. Farjon and N. Faure and N. Fedorczak and P. Fejoz and F. Felici and C. Fenzi-Bonizec and F. Ferlay and L. Ferrand and L. Fevre and M. Firdaouss and L. Fleury and D. Flouquet and T. Fonghetti and A. Gallo and X. Garbet and J. Garcia and J.L. Gardarein and L. Gargiulo and P. Garibaldi and S. Garitta and J. Gaspar and E. Gauthier and S. Gazzotti and F. Gely and J. Gerardin and G. Gervasini and E. Geulin and M. Geynet and P. Ghendrih and I. Giacalone and C. Gil and S. Ginoux and S. Girard and E. Giroux and G. Giruzzi and M. Goniche and V. Gorse and T. Gray and E. Grelier and C. Grisolia and A. Grosjean and A. Grosman and O. Grover and D. Guibert and D. Guilhem and C. Guillemaut and B. Guillermin and R. Guirlet and J.P. Gunn and Y. Gunsu and T. Gyergyek and S. Hacquin and A. Hakola and J. Harris and J.C. Hatchressian and W. Helou and P. Hennequin and C. Hernandez and L. Hijazi and J. Hillairet and T. Hirai and G.T. Hoang and C. Honoré and M. Houry and A. Huart and G. Huijsmans and P. Huynh and M. Iafrati and F. Imbeaux and N. Imbert and I. Ivanova-Stanik and P. Ivanova and R. Jalageas and A. Jamann and C. Jammes and A. Jardin and L. Jaubert and G. Jiolat and E. Joffrin and C. Johnson and A. Jonas and A. Kirschner and C.C. Klepper and M. Komm and M. Koubiti and S. Kosslow and J. Kovacic and M. Kozeiha and K. Krieger and K. Krol and I. Kudashev and B. Lacroix and L. Laguardia and V. Lamaison and V. Lapleigne and H. Laqua and C. Lau and Y. Lausenaz and R. Lé and M. Le Bohec and N. Lefevre and N. Lemoine and E. Lerche and Y. Lesourd and L. Letellier and M. Lewerentz and Y. Li and A. Liang and P. Linczuk and C. Linsmeier and M. Lipa and X. Litaudon and X. Liu and J. Llorens and T. Loarer and A. Loarte and T. Loewenhoff and G. Lombard and J. Lore and P. Lorenzetto and B. Lu and A. Lumsdaine and R. Lunsford and T. Lunt and G. Luo and P. Magaud and P. Maget and J.F. Mahieu and P. Maini and P. Malard and K. Malinowski and P. Manas and L. Manenc and V. Maquet and Y. Marandet and C. Martin and E.J. Martin and P. Martino and M. Mayer and D. Mazon and S. Mazzi and P. Messina and L. Meunier and D. Midou and G. Miglionico and Y. Mineo and M. Missirlian and R. Mitteau and B. Mitu and D. Moiraf and P. Mollard and G. Momparler and V. Moncada and T. Mondiere and C. Monti and J. Morales and M. Moreau and Ph. Moreau and Y. Moudden and G. Moureau and D. Mouyon and M. Muraglia and T. Nakano and E. Nardon and A. Neff and F. Nespoli and J. Nichols and L. Nicolas and S. Nicollet and R. Nouailletas and M. Ono and V. Ostuni and O. Paillat and C. Parish and H. Park and H. Parrat and J.Y. Pascal and B. Pegourie and F.P. Pellissier and Y. Peneliau and M. Peret and E. Pignoly and G. Pintsuk and R. Pitts and C. Pocheau and A. Podolnik and C. Portafaix and M. Poulos and P. Prochet and A. Puig Sitjes and R. Ragona and M. Rasinski and S. Ratynskaia and G. Raup and X. Regal-Mezin and C. Reux and J. Rice and M. Richou and F. Rigollet and N. Rivals and H. Roche and S. Rodrigues and J. Romazanov and G. Ronchi and C. Ruset and R. Sabot and A. Saille and R. Sakamoto and B. Salamon and F. Samaille and A. Santagiustina and B. Santraine and Y. Sarazin and O. Sauter and Y. Savoie-Peysson and L. Schiesko and M. Scholz and J.L. Schwob and E. Serre and H. Shin and S. Shiraiwa and Ja. Signoret and O. Skalli-Fettachi and P. Sogorb and Y. Song and A. Spring and P. Spuig and S. Sridhar and B. Stratton and C. Talatizi and P. Tamain and R. Tatali and Q. Tichit and A. Torre and L. Toulouse and W. Treutterer and E. Tsitrone and E.A. Unterberg and G. Urbanczyk and G. Van Rooij and N. Varadarajan and S. Vartanian and E. Velly and J.M. Verger and L. Vermare and D. Vezinet and N. Vignal and B. Vincent and S. Vives and D. Volpe and G. Wallace and E. Wang and L. Wang and Y. Wang and Y.S. Wang and T. Wauters and D. Weldon and B. Wirth and M. Wirtz and A. Wojenski and M. Xu and Q.X. Yang and H. Yang and B. Zago and R. Zagorski and B. Zhang and X.J. Zhang and X.L. Zou and the EUROfusion Tokamak Exploitation Team},
  doi       = {10.1088/1741-4326/AD64E5},
  issn      = {0029-5515},
  issue     = {11},
  journal   = {Nuclear Fusion},
  month     = {9},
  pages     = {112022},
  publisher = {IOP Publishing},
  title     = {WEST full tungsten operation with an ITER grade divertor},
  volume    = {64},
  year      = {2024},
  language  = {english}
}

@article{Fernandez2015,
  author    = {N. Fernandez and Y. Ferro and D. Kato},
  doi       = {10.1016/J.ACTAMAT.2015.04.052},
  issn      = {1359-6454},
  journal   = {Acta Materialia},
  keywords  = {DFT,Hydrogen,Nuclear material,Tungsten,Vacancies},
  month     = {8},
  pages     = {307-318},
  publisher = {Pergamon},
  title     = {Hydrogen diffusion and vacancies formation in tungsten: Density Functional Theory calculations and statistical models},
  volume    = {94},
  year      = {2015},
  language  = {english}
}
@article{Heinola2010,
  author    = {K. Heinola and T. Ahlgren},
  doi       = {10.1063/1.3386515/146625},
  issn      = {00218979},
  issue     = {11},
  journal   = {Journal of Applied Physics},
  month     = {6},
  pages     = {50},
  publisher = {AIP Publishing},
  title     = {Diffusion of hydrogen in bcc tungsten studied with first principle calculations},
  volume    = {107},
  year      = {2010},
  language  = {english}
}
@article{Zhou2024,
  author    = {Ziling Zhou and Rui Nie and Yu Wang and Jingni Guo and Feng Xie and Jianzhu Cao and Yanwei Wen and Bin Shan},
  doi       = {10.1063/5.0204192/3290607},
  issn      = {10897690},
  issue     = {18},
  journal   = {Journal of Chemical Physics},
  month     = {5},
  pages     = {184703},
  pmid      = {38716855},
  publisher = {American Institute of Physics},
  title     = {Thermal expansion, lattice vibration, and isotope effect on hydrogen diffusion in BCC Fe, Cr, and W from first-principles calculations},
  volume    = {160},
  year      = {2024},
  language  = {english}
}

@article{Longhurst1985,
  author    = {Glen R. Longhurst},
  doi       = {10.1016/0022-3115(85)90425-8},
  issn      = {0022-3115},
  issue     = {1},
  journal   = {Journal of Nuclear Materials},
  month     = {3},
  pages     = {61-69},
  publisher = {North-Holland},
  title     = {The Soret effect and its implications for fusion reactors},
  volume    = {131},
  year      = {1985},
  language  = {english}
}
@article{Martinez2021,
  author    = {Enrique Martínez and Nithin Mathew and Danny Perez and Sophie Blondel and Dwaipayan Dasgupta and Brian D. Wirth and Dimitrios Maroudas},
  doi       = {10.1063/5.0071935},
  issn      = {10897550},
  issue     = {21},
  journal   = {Journal of Applied Physics},
  month     = {12},
  pages     = {215904},
  publisher = {American Institute of Physics Inc.},
  title     = {Thermal gradient effect on helium and self-interstitial transport in tungsten},
  volume    = {130},
  year      = {2021},
  language  = {english}
}
@article{Krom1999,
  author    = {A. H.M. Krom and R. W.J. Koers and A. Bakker},
  doi       = {10.1016/S0022-5096(98)00064-7},
  issn      = {0022-5096},
  issue     = {4},
  journal   = {Journal of the Mechanics and Physics of Solids},
  keywords  = {A Crack tip plasticity,A Diffusion,Bulk,CFinite elements,Corrosion and embrittlement,Hydrogen trapping},
  month     = {2},
  pages     = {971-992},
  publisher = {Pergamon},
  title     = {Hydrogen transport near a blunting crack tip},
  volume    = {47},
  year      = {1999},
  language  = {english}
}

@article{frauenfelder1969solution,
  title     = {Solution and diffusion of hydrogen in tungsten},
  author    = {Frauenfelder, R},
  journal   = {Journal of Vacuum Science and Technology},
  volume    = {6},
  number    = {3},
  pages     = {388--397},
  year      = {1969},
  publisher = {American Vacuum Society},
  language  = {english}
}

@article{Holzner2020,
  author    = {G. Holzner and T. Schwarz-Selinger and T. Dürbeck and U. Von Toussaint},
  doi       = {10.1088/1402-4896/AB4B42},
  issn      = {1402-4896},
  issue     = {T171},
  journal   = {Physica Scripta},
  keywords  = {Activation energy,Deuterium,Diffusion coefficient,Hydrogen,Solute diffusion,Tungsten},
  month     = {3},
  pages     = {014034},
  publisher = {IOP Publishing},
  title     = {Solute diffusion of hydrogen isotopes in tungsten—a gas loading experiment},
  volume    = {2020},
  year      = {2020},
  language  = {english}
}

@article{Dasgupta2023,
  author    = {Dwaipayan Dasgupta and Sophie Blondel and Enrique Martínez and Dimitrios Maroudas and Brian D. Wirth},
  doi       = {10.1088/1741-4326/ACDA4A},
  issn      = {0029-5515},
  issue     = {7},
  journal   = {Nuclear Fusion},
  keywords  = {ELM,Soret effect,hydrogen and helium retention},
  month     = {6},
  pages     = {076029},
  publisher = {IOP Publishing},
  title     = {Impact of Soret effect on hydrogen and helium retention in PFC tungsten under ELM-like conditions},
  volume    = {63},
  year      = {2023},
  language  = {english}
}

@article{Drexler2020,
  author    = {Andreas Drexler and Tom Depover and Silvia Leitner and Kim Verbeken and Werner Ecker},
  doi       = {10.1016/J.JALLCOM.2020.154057},
  issn      = {0925-8388},
  journal   = {Journal of Alloys and Compounds},
  keywords  = {Carbides,Finite element modeling (FEM),Hydrogen embrittlement (HE),Microstructural modeling,Thermal desorption spectroscopy (TDS),Trapping},
  month     = {6},
  pages     = {154057},
  publisher = {Elsevier},
  title     = {Microstructural based hydrogen diffusion and trapping models applied to Fe–CX alloys},
  volume    = {826},
  year      = {2020},
  language  = {english}
}

@article{Ogorodnikova2015,
  author    = {O. V. Ogorodnikova},
  doi       = {10.1063/1.4928407/168091},
  issn      = {10897550},
  issue     = {7},
  journal   = {Journal of Applied Physics},
  month     = {8},
  pages     = {74902},
  publisher = {American Institute of Physics Inc.},
  title     = {Fundamental aspects of deuterium retention in tungsten at high flux plasma exposure},
  volume    = {118},
  year      = {2015},
  language  = {english}
}
@article{Persianova2024,
  author    = {A. P. Persianova and A. V. Golubeva},
  doi       = {10.1134/S0031918X23602895},
  issn      = {1555-6190},
  issue     = {3},
  journal   = {Physics of Metals and Metallography 2024 125:3},
  keywords  = {Metallic Materials,defect,detrapping energy,deuterium,hydrogen,hydrogen isotopes,retention,trap,tritium,tungsten},
  month     = {5},
  pages     = {278-306},
  publisher = {Springer},
  title     = {Hydrogen Traps in Tungsten: A Review},
  volume    = {125},
  year      = {2024},
  language  = {english}
}

@article{Li2020,
  author    = {Yong Gang Li and Qi Rong Zheng and Liu Ming Wei and Chuan Guo Zhang and Zhi Zeng},
  doi       = {10.1007/S42864-020-00042-W},
  issn      = {2661-8036},
  issue     = {1},
  journal   = {Tungsten 2020 2:1},
  keywords  = {Materials Engineering,Metallic Materials,Nuclear Chemistry,Particle and Nuclear Physics},
  month     = {6},
  pages     = {34-71},
  publisher = {Springer},
  title     = {A review of surface damage/microstructures and their effects on hydrogen/helium retention in tungsten},
  volume    = {2},
  year      = {2020},
  language  = {english}
}

@article{Wang2001,
  author    = {Wenmin Wang and J. Roth and S. Lindig and C. H. Wu},
  doi       = {10.1016/S0022-3115(01)00679-1},
  issn      = {0022-3115},
  issue     = {2},
  journal   = {Journal of Nuclear Materials},
  month     = {11},
  pages     = {124-131},
  publisher = {North-Holland},
  title     = {Blister formation of tungsten due to ion bombardment},
  volume    = {299},
  year      = {2001},
  language  = {english}
}

@article{Johnson2010,
  author    = {Donald F. Johnson and Emily A. Carter},
  doi       = {10.1557/JMR.2010.0036/METRICS},
  issn      = {08842914},
  issue     = {2},
  journal   = {Journal of Materials Research},
  keywords  = {Applied and Technical Physics,Biomaterials,Inorganic Chemistry,Materials Engineering,Materials Science,Nanotechnology,general},
  month     = {2},
  pages     = {315-327},
  publisher = {Springer},
  title     = {Hydrogen in tungsten: Absorption, diffusion, vacancy trapping, and decohesion},
  volume    = {25},
  year      = {2010},
  language  = {english}
}

@article{Schmid2014,
  author    = {K. Schmid and U. Von Toussaint and T. Schwarz-Selinger},
  doi       = {10.1063/1.4896580/858018},
  issn      = {10897550},
  issue     = {13},
  journal   = {Journal of Applied Physics},
  month     = {10},
  pages     = {134901},
  publisher = {American Institute of Physics Inc.},
  title     = {Transport of hydrogen in metals with occupancy dependent trap energies},
  volume    = {116},
  year      = {2014},
  language  = {english}
}

@article{Prins2018,
  author    = {R. Prins},
  doi       = {10.1007/S11244-018-0948-8/METRICS},
  issn      = {10225528},
  issue     = {9-11},
  journal   = {Topics in Catalysis},
  keywords  = {Eley–Rideal,Langmuir–Hinshelwood,Langmuir–Rideal,Outer sphere reaction},
  month     = {6},
  pages     = {714-721},
  publisher = {Springer},
  title     = {Eley–Rideal, the Other Mechanism},
  volume    = {61},
  year      = {2018},
  language  = {english}
}

@article{Katz1999,
  author    = {N. Katz and I. Furman and O. Biham and V. Pirronello and G. Vidali},
  doi       = {10.1086/307642},
  issn      = {0004-637X},
  issue     = {1},
  journal   = {The Astrophysical Journal},
  keywords  = {Subject headings,abundances È ISM,dust,extinction È ISM,molecules È molecular processes},
  month     = {9},
  pages     = {305-312},
  publisher = {American Astronomical Society},
  title     = {Molecular Hydrogen Formation on Astrophysically Relevant Surfaces},
  volume    = {522},
  year      = {1999},
  language  = {english}
}

@article{Hama2013,
  author    = {Tetsuya Hama and Naoki Watanabe},
  doi       = {10.1021/CR4000978},
  issn      = {00092665},
  issue     = {12},
  journal   = {Chemical Reviews},
  month     = {12},
  pages     = {8783-8839},
  publisher = {American Chemical Society},
  title     = {Surface processes on interstellar amorphous solid water: Adsorption, diffusion, tunneling reactions, and nuclear-spin conversion},
  volume    = {113},
  year      = {2013},
  language  = {english}
}

@article{Perets2005,
  author    = {Hagai B. Perets and Ofer Biham and Giulio Manico and Valerio Pirronello and Joe Roser and Sol Swords and Gianfranco Vidali},
  doi       = {10.1086/430435},
  issn      = {0004-637X},
  issue     = {2},
  journal   = {The Astrophysical Journal},
  keywords  = {Subject heading gs,abundances-ISM,astrochemistry-dust,extinction-ISM,molecules-molecular processes},
  month     = {7},
  pages     = {850-860},
  publisher = {American Astronomical Society},
  title     = {Molecular Hydrogen Formation on Ice Under Interstellar Conditions},
  volume    = {627},
  year      = {2005},
  language  = {english}
}

@article{Briant2002,
  author    = {C. L. Briant and Z. F. Wang and N. Chollocoop},
  doi       = {10.1016/S0010-938X(01)00159-7},
  issn      = {0010-938X},
  issue     = {8},
  journal   = {Corrosion Science},
  keywords  = {Hydrides,Hydrogen embrittlement (C),Titanium (A)},
  month     = {8},
  pages     = {1875-1888},
  publisher = {Pergamon},
  title     = {Hydrogen embrittlement of commercial purity titanium},
  volume    = {44},
  year      = {2002},
  language  = {english}
}

@article{Louthan2008,
  author    = {M. R. Louthan},
  doi       = {10.1007/S11668-008-9133-X},
  issn      = {15477029},
  issue     = {3 SPEC. ISS.},
  journal   = {Journal of Failure Analysis and Prevention},
  keywords  = {Blistering,Fish eyes,Hydride embrittlement,Hydrogen attack,Hydrogen embrittlement},
  month     = {5},
  pages     = {289-307},
  publisher = {Springer},
  title     = {Hydrogen embrittlement of metals: A primer for the failure analyst},
  volume    = {8},
  year      = {2008},
  language  = {english}
}

@article{Matveev2018,
  author   = {D. Matveev and M. Wensing and L. Ferry and F. Virot and M. Barrachin and Y. Ferro and Ch. Linsmeier},
  doi      = {10.1016/j.nimb.2018.05.037},
  issn     = {0168583X},
  journal  = {Nuclear Instruments and Methods in Physics Research Section B: Beam Interactions with Materials and Atoms},
  month    = {9},
  pages    = {23-30},
  title    = {Reaction-diffusion modeling of hydrogen transport and surface effects in application to single-crystalline Be},
  volume   = {430},
  year     = {2018},
  language = {english}
}

@article{Hodille2017,
  author    = {E. A. Hodille and A. Založnik and S. Markelj and T. Schwarz-Selinger and C. S. Becquart and R. Bisson and C. Grisolia},
  doi       = {10.1088/1741-4326/AA5AA5},
  issn      = {0029-5515},
  issue     = {5},
  journal   = {Nuclear Fusion},
  keywords  = {damaged material,deuterium atoms,fuel retention,rate-equation modeling,tungsten},
  month     = {3},
  pages     = {056002},
  publisher = {IOP Publishing},
  title     = {Simulations of atomic deuterium exposure in self-damaged tungsten},
  volume    = {57},
  year      = {2017},
  language  = {english}
}

@article{Pick1985,
  author    = {M. A. Pick and K. Sonnenberg},
  doi       = {10.1016/0022-3115(85)90459-3},
  issn      = {0022-3115},
  issue     = {2-3},
  journal   = {Journal of Nuclear Materials},
  month     = {4},
  pages     = {208-220},
  publisher = {North-Holland},
  title     = {A model for atomic hydrogen-metal interactions — application to recycling, recombination and permeation},
  volume    = {131},
  year      = {1985},
  language  = {english}
}

@article{Tamm1971,
  author    = {P. W. Tamm and L. D. Schmidt},
  doi       = {10.1063/1.1674753},
  issn      = {0021-9606},
  issue     = {11},
  journal   = {The Journal of Chemical Physics},
  month     = {6},
  pages     = {4775-4787},
  publisher = {AIP Publishing},
  title     = {Binding States of Hydrogen on Tungsten},
  volume    = {54},
  year      = {1971},
  language  = {english}
}
@article{Tamm1969,
  author    = {P. W. Tamm and L. D. Schmidt},
  doi       = {10.1063/1.1671956},
  issn      = {0021-9606},
  issue     = {12},
  journal   = {The Journal of Chemical Physics},
  month     = {12},
  pages     = {5352-5363},
  publisher = {AIP Publishing},
  title     = {Interaction of H2 with (100) W. I. Binding States},
  volume    = {51},
  year      = {1969},
  language  = {english}
}
@article{Markelj2013,
  author    = {Sabina Markelj and Olga V. Ogorodnikova and Primož Pelicon and Thomas Schwarz-Selinger and Iztok Čadež},
  doi       = {10.1016/J.APSUSC.2013.05.157},
  issn      = {0169-4332},
  journal   = {Applied Surface Science},
  keywords  = {Deuterium adsorption,Hydrogen atom,Hydrogen isotope exchange,In situ ERDA,Tungsten},
  month     = {10},
  pages     = {478-486},
  publisher = {North-Holland},
  title     = {Temperature dependence of D atom adsorption on polycrystalline tungsten},
  volume    = {282},
  year      = {2013},
  language  = {english}
}

@article{Piazza2018,
  author    = {Z. A. Piazza and M. Ajmalghan and Y. Ferro and R. D. Kolasinski},
  doi       = {10.1016/J.ACTAMAT.2017.12.029},
  issn      = {1359-6454},
  journal   = {Acta Materialia},
  keywords  = {DFT,Hydrogen,Low energy ion spectroscopy,Surface,Tungsten},
  month     = {2},
  pages     = {388-398},
  publisher = {Pergamon},
  title     = {Saturation of tungsten surfaces with hydrogen: A density functional theory study complemented by low energy ion scattering and direct recoil spectroscopy data},
  volume    = {145},
  year      = {2018},
  language  = {english}
}
@article{Ajmalghan2019,
  author    = {M. Ajmalghan and Z. A. Piazza and E. A. Hodille and Y. Ferro},
  doi       = {10.1088/1741-4326/AB33E7},
  issn      = {0029-5515},
  issue     = {10},
  journal   = {Nuclear Fusion},
  keywords  = {DFT,activation barriers,coverage,desorption,hydrogen,surface,tungsten},
  month     = {8},
  pages     = {106022},
  publisher = {IOP Publishing},
  title     = {Surface coverage dependent mechanisms for the absorption and desorption of hydrogen from the W(110) and W(100) surfaces: a density functional theory investigation},
  volume    = {59},
  year      = {2019},
  language  = {english}
}

@article{Ferro2023,
  author   = {Y. Ferro and E.A. Hodille and J. Denis and Z.A. Piazza and M. Ajmalghan},
  doi      = {10.1088/1741-4326/acb0e2},
  issn     = {0029-5515},
  issue    = {3},
  journal  = {Nuclear Fusion},
  month    = {3},
  pages    = {036017},
  title    = {Hydrogen and oxygen on tungsten (110) surface: adsorption, absorption and desorption investigated by density functional theory},
  volume   = {63},
  year     = {2023},
  language = {english}
}

@article{Ogorodnikova2019,
  author    = {O. V. Ogorodnikova},
  doi       = {10.1016/J.JNUCMAT.2019.05.017},
  issn      = {0022-3115},
  journal   = {Journal of Nuclear Materials},
  month     = {8},
  pages     = {74-79},
  publisher = {North-Holland},
  title     = {Recombination coefficient of hydrogen on tungsten surface},
  volume    = {522},
  year      = {2019},
  language  = {english}
}

@article{Anderl1992,
  author    = {R. A. Anderl and D. F. Holland and G. R. Longhurst and R. J. Pawelko and C. L. Trybus and C. H. Sellers},
  doi       = {10.13182/FST92-A29837},
  issn      = {07481896},
  issue     = {2 pt 2},
  journal   = {Fusion Technology},
  pages     = {745-752},
  publisher = {Taylor & Francis},
  title     = {Deuterium Transport and Trapping in Polycrystalline Tungstena},
  volume    = {21},
  year      = {1992},
  language  = {english}
}

@thesis{HarutunyanThesis,
  author         = {Арутюнян, Зорий Робертович},
  title          = {Влияние гелия на захват ионов дейтерия в вольфраме и вольфрамовых сплавах W-Cr-Y},
  type           = {phdautoref},
  science        = {физ.-мат. наук},
  specialitycode = {1.3.9},
  address        = {М.},
  year           = {2022},
  pagetotal      = {147},
  language       = {russian}
}

@article{Krieger2025,
  author    = {K. Krieger and S. Brezinsek and J.W. Coenen and H. Frerichs and A. Kallenbach and A.W. Leonard and T. Loarer and S. Ratynskaia and N. Vianello and N. Asakura and M. Bernert and D. Carralero and R. Ding and D. Douai and T. Eich and Y. Gasparyan and A. Hakola and Y. Hatano and M. Jakubowski and M. Kobayashi and S. Krasheninnikov and S. Masuzaki and T. Nakano and R. Neu and R.A. Pitts and J. Rapp and K. Schmid and O. Schmitz and D. Tskhakaya and L. Wang and T. Wauters and S. Wiesen},
  doi       = {10.1088/1741-4326/ADAF42},
  issn      = {0029-5515},
  issue     = {4},
  journal   = {Nuclear Fusion},
  keywords  = {plasma boundary,plasma exhaust,plasma-facing materials,plasma-wall interaction},
  month     = {3},
  pages     = {043001},
  publisher = {IOP Publishing},
  title     = {Scrape-off layer and divertor physics: Chapter 5 of the special issue: on the path to tokamak burning plasma operation},
  volume    = {65},
  year      = {2025},
  language  = {english}
}

@article{Nishijima2023,
  author    = {D. Nishijima and M. Tokitani and D. Nagata and T. Schwarz-Selinger and A. Založnik and F. Chang and R. P. Doerner and M. I. Patino and M. J. Simmonds and M. J. Baldwin and G. R. Tynan},
  doi       = {10.1088/1741-4326/ACF509},
  issn      = {0029-5515},
  issue     = {12},
  journal   = {Nuclear Fusion},
  keywords  = {FIB,NRA,TEM,deuterium supersaturated surface layer,nanobubbles,tungsten},
  month     = {9},
  pages     = {126003},
  publisher = {IOP Publishing},
  title     = {Deuterium supersaturated surface layer in tungsten: ion energy dependence},
  volume    = {63},
  year      = {2023},
  language  = {english}
}

@article{Bauer2017,
  author    = {J. Bauer and T. Schwarz-Selinger and K. Schmid and M. Balden and A. Manhard and U. Von Toussaint},
  doi       = {10.1088/1741-4326/AA7212},
  issn      = {0029-5515},
  issue     = {8},
  journal   = {Nuclear Fusion},
  keywords  = {deuterium re-emission,deuterium transport,hydrogen blistering,tungsten},
  month     = {6},
  pages     = {086015},
  publisher = {IOP Publishing},
  title     = {Influence of near-surface blisters on deuterium transport in tungsten},
  volume    = {57},
  year      = {2017},
  language  = {english}
}

@article{Dark2024,
  author    = {James Dark and Rémi Delaporte-Mathurin and Thomas Schwarz-Selinger and Etienne A. Hodille and Jonathan Mougenot and Yann Charles and Christian Grisolia},
  doi       = {10.1088/1741-4326/AD56A0},
  issn      = {0029-5515},
  issue     = {8},
  journal   = {Nuclear Fusion},
  keywords  = {annealing,neutron damage,trapping,tritium transport,tungsten},
  month     = {6},
  pages     = {086026},
  publisher = {IOP Publishing},
  title     = {Modelling neutron damage effects on tritium transport in tungsten},
  volume    = {64},
  year      = {2024},
  language  = {english}
}

@article{Baldwin2011,
  author    = {M. J. Baldwin and R. P. Doerner and W. R. Wampler and D. Nishijima and T. Lynch and M. Miyamoto},
  doi       = {10.1088/0029-5515/51/10/103021},
  issn      = {0029-5515},
  issue     = {10},
  journal   = {Nuclear Fusion},
  month     = {8},
  pages     = {103021},
  publisher = {IOP Publishing},
  title     = {Effect of He on D retention in W exposed to low-energy, high-fluence (D, He, Ar) mixture plasmas},
  volume    = {51},
  year      = {2011},
  language  = {english}
}

@article{Huber2016_1,
  author    = {A. Huber and G. Sergienko and M. Wirtz and I. Steudel and A. Arakcheev and S. Brezinsek and A. Burdakov and T. Dittmar and H. G. Esser and M. Freisinger and A. Kreter and J. Linke and Ch Linsmeier and Ph Mertens and S. Möller and M. Reinhart and A. Terra and B. Unterberg},
  doi       = {10.1016/J.NME.2016.04.007},
  issn      = {2352-1791},
  journal   = {Nuclear Materials and Energy},
  keywords  = {Blistering,Deuterium retention,Surface modifications,Transient heat loads,Tungsten},
  month     = {12},
  pages     = {157-164},
  publisher = {Elsevier},
  title     = {Deuterium retention in tungsten under combined high cycle ELM-like heat loads and steady-state plasma exposure},
  volume    = {9},
  year      = {2016},
  language  = {english}
}
@article{Huber2016_2,
  author    = {A. Huber and G. Sergienko and M. Wirtz and I. Steudel and A. Arakcheev and S. Brezinsek and A. Burdakov and T. Dittmar and H. G. Esser and A. Kreter and J. Linke and Ch Linsmeier and Ph Mertens and S. Möller and V. Philipps and G. Pintsuk and M. Reinhart and B. Schweer and A. Shoshin and A. Terra and B. Unterberg},
  doi       = {10.1088/0031-8949/T167/1/014046},
  issn      = {1402-4896},
  issue     = {T167},
  journal   = {Physica Scripta},
  keywords  = {blistering,deuterium retention,surface modifications,transient heat loads,tungsten},
  month     = {1},
  pages     = {014046},
  publisher = {IOP Publishing},
  title     = {Impact on the deuterium retention of simultaneous exposure of tungsten to a steady state plasma and transient heat cycling loads},
  volume    = {2016},
  year      = {2016},
  language  = {english}
}

@article{Hu2015,
  author    = {Alice Hu and Ahmed Hassanein},
  doi       = {10.1016/J.JNUCMAT.2015.06.048},
  issn      = {0022-3115},
  journal   = {Journal of Nuclear Materials},
  keywords  = {ELMs,Fusion devices,ITER,Plasma-facing components,Tritium retention},
  month     = {10},
  pages     = {582-589},
  publisher = {North-Holland},
  title     = {Predicting hydrogen isotope inventory in plasma-facing components during normal and abnormal operations in fusion devices},
  volume    = {465},
  year      = {2015},
  language  = {english}
}

@article{Poskakalov2020,
  author    = {A. G. Poskakalov and Yu M. Gasparyan and V. S. Efimov and D. V. Kovalenko and V. A. Barsuk and N. S. Klimov and M. S. Zibrov and O. V. Ogorodnikova},
  doi       = {10.1088/1402-4896/AB60F9},
  issn      = {1402-4896},
  issue     = {T171},
  journal   = {Physica Scripta},
  keywords  = {Deuterium,High heat loads,Nuclear fusion,Retention,Tungsten},
  month     = {3},
  pages     = {014062},
  publisher = {IOP Publishing},
  title     = {Influence of plasma heat loads relevant to ITER transient events on deuterium retention in tungsten},
  volume    = {2020},
  year      = {2020},
  language  = {english}
}

@article{Nishijima2011,
  author    = {D. Nishijima and Y. Kikuchi and M. Nakatsuka and M. J. Baldwin and R. P. Doerner and M. Nagata and Y. Ueda},
  doi       = {10.1088/0031-8949/2011/T145/014053},
  issn      = {1402-4896},
  issue     = {T145},
  journal   = {Physica Scripta},
  month     = {12},
  pages     = {014053},
  publisher = {IOP Publishing},
  title     = {Influences of edge localized mode-like pulsed plasma bombardment on deuterium retention in tungsten},
  volume    = {2011},
  year      = {2011},
  language  = {english}
}

@article{Schmid2016,
  author    = {K. Schmid},
  doi       = {10.1088/0031-8949/T167/1/014025},
  issn      = {1402-4896},
  issue     = {T167},
  journal   = {Physica Scripta},
  keywords  = {diffusion,recycling,retention},
  month     = {1},
  pages     = {014025},
  publisher = {IOP Publishing},
  title     = {Diffusion-trapping modelling of hydrogen recycling in tungsten under ELM-like heat loads},
  volume    = {2016},
  year      = {2016},
  language  = {english}
}

@article{Smirnov2024,
  author    = {R. D. Smirnov and M. V. Umansky and S. I. Krasheninnikov},
  doi       = {10.1063/5.0196640/3282998},
  issn      = {10897674},
  issue     = {4},
  journal   = {Physics of Plasmas},
  month     = {4},
  pages     = {419-427},
  publisher = {American Institute of Physics},
  title     = {Modeling transient edge plasma transport with dynamic recycling},
  volume    = {31},
  year      = {2024},
  language  = {english}
}
@article{Lasa2024,
  author    = {A. Lasa and J. S. Park and J. Lore and S. Blondel and D. E. Bernholdt and J. M. Canik and M. Cianciosa and J. Coburn and D. Curreli and W. Elwasif and J. Guterl and J. Hoffman and J. M. Park and G. Sinclair and B. D. Wirth},
  doi       = {10.1088/1741-4326/AD4894},
  issn      = {0029-5515},
  issue     = {7},
  journal   = {Nuclear Fusion},
  keywords  = {dynamic recycling,integrated simulation,plasma-surface interactions},
  month     = {5},
  pages     = {076006},
  publisher = {IOP Publishing},
  title     = {Exploring the effect of ELM and code-coupling frequencies on plasma and material modeling of dynamic recycling in divertors},
  volume    = {64},
  year      = {2024},
  language  = {english}
}
@article{Heinola2019,
  author    = {K. Heinola and T. Ahlgren and S. Brezinsek and T. Vuoriheimo and S. Wiesen},
  doi       = {10.1016/J.NME.2019.03.013},
  issn      = {2352-1791},
  journal   = {Nuclear Materials and Energy},
  keywords  = {ELM,Fuel retention,JET,Multi-scale computing},
  month     = {5},
  pages     = {397-402},
  publisher = {Elsevier},
  title     = {Modelling of the effect of ELMs on fuel retention at the bulk W divertor of JET},
  volume    = {19},
  year      = {2019},
  language  = {english}
}
@article{Sang2014,
  author    = {Chaofeng Sang and Jizhong Sun and Xavier Bonnin and Liang Wang and Hailong Du and Yan Huang and Dezhen Wang},
  doi       = {10.1016/J.FUSENGDES.2014.01.040},
  issn      = {0920-3796},
  issue     = {9-10},
  journal   = {Fusion Engineering and Design},
  keywords  = {Divertor,ELMy H-mode,Fuel retention,Simulation,Tungsten},
  month     = {10},
  pages     = {2214-2219},
  publisher = {North-Holland},
  title     = {Modelling of hydrogen isotope retention in the tungsten divertor of EAST during ELMy H-mode},
  volume    = {89},
  year      = {2014},
  language  = {english}
}

@article{Mukhin2016,
  author    = {E. E. Mukhin and P. Andrew and A. D. Anthoine and A. N. Bazhenov and R. Barnsley and I. M. Bukreev and V. L. Bukhovets and A. P. Chernakov and A. E. Gorodetsky and M. M. Kochergin and A. N. Koval and A. B. Kukushkin and A. S. Kukushkin and G. S. Kurskiev and M. G. Levashova and A. E. Litvinov and V. N. Litunovsky and A. V. Markin and I. V. Mazul and S. V. Masyukevich and I. V. Miroshnikov and A. S. Nemov and A. N. Novokhatsky and A. G. Razdobarin and E. V. Sherstnev and D. S. Samsonov and V. V. Semenov and A. S. Smirnov and G. De Temmerman and S. Yu Tolstyakov and R. Kh Zalavutdinov and M. J. Walsh},
  doi       = {10.1088/0029-5515/56/3/036017},
  issn      = {0029-5515},
  issue     = {3},
  journal   = {Nuclear Fusion},
  keywords  = {fusion machines,in situ monitoring,local baking,tritium retention},
  month     = {2},
  pages     = {036017},
  publisher = {IOP Publishing},
  title     = {In situ monitoring hydrogen isotope retention in ITER first wall},
  volume    = {56},
  year      = {2016},
  language  = {english}
}

@article{Philipps2013,
  author    = {V. Philipps and A. Malaquias and A. Hakola and J. Karhunen and G. Maddaluno and S. Almaviva and L. Caneve and F. Colao and E. Fortuna and P. Gasior and M. Kubkowska and A. Czarnecka and M. Laan and A. Lissovski and P. Paris and H. J. Van Der Meiden and P. Petersson and M. Rubel and A. Huber and M. Zlobinski and B. Schweer and N. Gierse and Q. Xiao and G. Sergienko},
  doi       = {10.1088/0029-5515/53/9/093002},
  issn      = {0029-5515},
  issue     = {9},
  journal   = {Nuclear Fusion},
  month     = {8},
  pages     = {093002},
  publisher = {IOP Publishing},
  title     = {Development of laser-based techniques for in situ characterization of the first wall in ITER and future fusion devices},
  volume    = {53},
  year      = {2013},
  language  = {english}
}

@article{Semerok2016,
  author    = {A. Semerok and D. L'Hermite and J. M. Weulersse and J. L. Lacour and G. Cheymol and M. Kempenaars and N. Bekris and C. Grisolia},
  doi       = {10.1016/J.SAB.2016.08.007},
  issn      = {0584-8547},
  journal   = {Spectrochimica Acta Part B: Atomic Spectroscopy},
  keywords  = {Deposited layer,ITER,JET,LIBS,Tritium retention},
  month     = {9},
  pages     = {121-128},
  publisher = {Elsevier},
  title     = {Laser induced breakdown spectroscopy application in joint European torus},
  volume    = {123},
  year      = {2016},
  language  = {english}
}
@article{Favre2024,
  author    = {Aurélien Favre and Arnaud Bultel and Mamadou Lamine Sankhe and Stéphane Vartanian and Vincent Bruno and Vincent Morel and Daniel L’Hermite and Jean Baptiste Sirven and Mathilde Diez and Marc Missirlian and Philippe Magaud and Christian Grisolia},
  doi       = {10.1088/1402-4896/AD2826},
  issn      = {1402-4896},
  issue     = {3},
  journal   = {Physica Scripta},
  keywords  = {LIBS,PFU,WEST tokamak,profilometry,tungsten},
  month     = {2},
  pages     = {035609},
  publisher = {IOP Publishing},
  title     = {A step towards the diagnostic of the ITER first wall: in-situ LIBS measurements in the WEST tokamak},
  volume    = {99},
  year      = {2024},
  language  = {english}
}
@article{Xiao2015,
  author    = {Q. Xiao and R. Hai and H. Ding and A. Huber and V. Philipps and N. Gierse and G. Sergienko},
  doi       = {10.1016/J.JNUCMAT.2014.10.065},
  issn      = {0022-3115},
  journal   = {Journal of Nuclear Materials},
  month     = {8},
  pages     = {911-914},
  publisher = {North-Holland},
  title     = {In-situ analysis of the first wall by laser-induced breakdown spectroscopy in the TEXTOR tokamak: Dependence on the magnetic field strength},
  volume    = {463},
  year      = {2015},
  language  = {english}
}
@article{Imran2023,
  author    = {Muhammad Imran and Zhenhua Hu and Fang Ding and Muhammad Salman Khan and Guang Nan Luo and Ali Farooq and Imtiaz Ahmad},
  doi       = {10.1016/J.NME.2023.101379},
  issn      = {2352-1791},
  journal   = {Nuclear Materials and Energy},
  keywords  = {EAST,Impurity,LIBS, depth profile,Thickness},
  month     = {3},
  pages     = {101379},
  publisher = {Elsevier},
  title     = {Depth-resolved analysis of multi-element impurity deposition on test tiles in EAST tokamak by using laser-induced breakdown spectroscopy},
  volume    = {34},
  year      = {2023},
  language  = {english}
}

@article{Marenkov2021,
  author    = {E. D. Marenkov and I. P. Tsygvintsev and Yu M. Gasparyan and A. A. Stepanenko},
  doi       = {10.1016/J.NME.2021.101029},
  issn      = {2352-1791},
  journal   = {Nuclear Materials and Energy},
  keywords  = {Hydrogen,LIBS,Plasma-facing components,Retention,Saha-Boltzmann},
  month     = {9},
  pages     = {101029},
  publisher = {Elsevier},
  title     = {Assessment of laser induced breakdown spectroscopy accuracy for determination of hydrogen accumulation in tungsten},
  volume    = {28},
  year      = {2021},
  language  = {english}
}

@article{Hu2018,
  author    = {Zhenhua Hu and Niels Gierse and Cong Li and Jannis Oelmann and Dongye Zhao and Mikhail Tokar and Xi Jiang and Dirk Nicolai and Jing Wu and Fang Ding and Sebastijan Brezinsek and Hongbin Ding and Guang Nan Luo and Christian Linsmeier},
  doi       = {10.1016/J.FUSENGDES.2018.07.017},
  issn      = {0920-3796},
  journal   = {Fusion Engineering and Design},
  keywords  = {Fuel retention,Impurity deposition,Laser-induced ablation spectroscopy,Plasma-wall interaction},
  month     = {10},
  pages     = {95-101},
  publisher = {North-Holland},
  title     = {Laser induced ablation spectroscopy for in situ characterization of the first wall on EAST tokamak},
  volume    = {135},
  year      = {2018},
  language  = {english}
}

@article{Gierse2016,
  author    = {N. Gierse and M. Z. Tokar and S. Brezinsek and T. F. Giesen and M. Hubeny and A. Huber and V. Philipps and A. Pospieszczyk and G. Sergienko and J. Wegner and Q. Xiao and U. Samm and Ch Linsmeier},
  doi       = {10.1088/0031-8949/T167/1/014034},
  issn      = {1402-4896},
  issue     = {T167},
  journal   = {Physica Scripta},
  keywords  = {Fusion reactor safety,Plasma facing materials (PFMs),Plasma wall interaction (PWI),Spectroscopy,laser ablation,measurement of velocity distribution,tritium inventory measurements},
  month     = {1},
  pages     = {014034},
  publisher = {IOP Publishing},
  title     = {Time resolved imaging of laser induced ablation spectroscopy (LIAS) in TEXTOR and comparison with modeling},
  volume    = {2016},
  year      = {2016},
  language  = {english}
}

@article{Zlobinski2019,
  abstract  = {For the development of the tritium monitoring system in ITER the hydrogen isotope release by Laser-Induced Desorption (LID) from Be layers is studied to determine the laser parameters for a high desorption efficiency while minimising dust production and surface modifications is also pursued. Be layers of 1 µm thickness with 25–30 at% D and 3 × 10 22 D/m 2 comparable to JET-ILW areal concentrations [1] have been produced by High Power Impulse Magnetron Sputtering (HiPIMS) on ITER grade W. Laser pulses of 1, 5 and 10 ms duration heat the layer in vacuum in the Fuel REtention DIagnostic Setup (FREDIS) and release the retained D thermally. By mass spectrometry in FREDIS and subsequent Nuclear Reaction Analysis (NRA) inside the laser spot the desorbed and remaining D is quantified. While a pulse duration of 1 ms cannot fully desorb the deuterium, it is found that a single 5 or 10 ms laser pulse with an absorbed energy density of ca. 1.5 MJ/m 2 corresponding to a heat flux factor around 20 MW√s/m 2 leads to nearly complete desorption of the retained D. This encourages the development of a useful tritium monitoring system, although the present layers produce some dust due to local delamination of the layer on at least 11% of the heated surface (at 1.4 MJ/m 2 absorbed energy within 5 ms) and lead to unavoidable crack formation.},
  author    = {M. Zlobinski and G. Sergienko and Y. Martynova and D. Matveev and B. Unterberg and S. Brezinsek and B. Spilker and D. Nicolai and M. Rasinski and S. Möller and Ch Linsmeier and C. P. Lungu and C. Porosnicu and P. Dinca and G. De Temmerman},
  doi       = {10.1016/J.NME.2019.04.007},
  issn      = {2352-1791},
  journal   = {Nuclear Materials and Energy},
  keywords  = {Beryllium,Desorption,FREDIS,Fuel retention,Laser,Tritium monitoring},
  month     = {5},
  pages     = {503-509},
  publisher = {Elsevier},
  title     = {Laser-Induced Desorption of co-deposited Deuterium in Beryllium Layers on Tungsten},
  volume    = {19},
  year      = {2019},
  language  = {english}
}
@article{Zlobinski2020,
  abstract  = {For the in situ application of LID (Laser-Induced Desorption) as a space-resolved tritium retention diagnostic in ITER, the desorption behaviour of co-deposited deuterium (D) from beryllium (Be) layers is studied. In particular, the desorption efficiency dependence on laser pulse parameters is investigated for pulse durations of 1-20 ms and absorbed energy densities up to 5 MJ m-2. For these parameter scans homogenous Be/D layers were produced by High Power Impulse Magnetron Sputtering, with 10 μm thickness and 1.6 at% D. Almost 99% of the initial D can be desorbed with a single LID pulse. As the layers show a high D desorption temperature (ca. 800 K) in slow Thermal Desorption Spectrometry, an LID efficiency of only 50% is reached before Be melting. Microscopy reveals that in molten regions holes are formed, which could serve as desorption channels to facilitate gas release above the melting point. Hill formation and cracking are further modifications, but no layer destruction was observed in general.},
  author    = {Miroslaw Zlobinski and G. De Temmerman and C. Porosnicu and D. Matveev and B. Unterberg and G. Sergienko and S. Brezinsek and D. Nicolai and A. Terra and M. Rasinski and B. Spilker and M. Freisinger and S. Möller and Ch Linsmeier and C. P. Lungu and P. Dinca},
  doi       = {10.1088/1402-4896/AB5EA1},
  issn      = {1402-4896},
  issue     = {T171},
  journal   = {Physica Scripta},
  keywords  = {FREDIS,beryllium,desorption,fuel retention,laser,tritium monitoring},
  month     = {6},
  pages     = {014075},
  publisher = {IOP Publishing},
  title     = {Efficiency of laser-induced desorption of D from Be/D layers and surface modifications due to LID},
  volume    = {2020},
  year      = {2020},
  language  = {english}
}

@article{Yu2019,
  author    = {J. H. Yu and M. J. Baldwin and M. J. Simmonds and A. Založnik},
  doi       = {10.1063/1.5100162/13498803},
  issn      = {10897623},
  issue     = {7},
  journal   = {Review of Scientific Instruments},
  month     = {7},
  pages     = {73502},
  pmid      = {31370479},
  publisher = {American Institute of Physics Inc.},
  title     = {Time-resolved laser-induced desorption spectroscopy (LIDS) for quantified in-situ hydrogen isotope retention measurement and removal from plasma facing materials},
  volume    = {90},
  year      = {2019},
  language  = {english}
}

@article{Efimov2024,
  title   = {Анализ влияния режимов лазерного облучения поверхности при диагностике накопления изотопов водорода},
  author  = {Ефимов, НЕ and Синельников, ДН and Гришаев, МВ and Гаспарян, ЮМ and Ефимов, ВС and Крат, СА},
  journal = {Ядерная физика и инжиниринг},
  volume  = {15},
  number  = {4},
  pages   = {324--331},
  year    = {2024}
}

@article{Gasparyan2021,
  author    = {Yu Gasparyan and D. Bulgadaryan and N. Efimov and V. Efimov and S. Krat and M. Popova and D. Sinelnikov and E. Vovchenko and A. Dmitriev and D. Elets and E. Mukhin and A. Razdobarin and V. Minaev and A. Novokhatsky and N. Sakharov and V. Varfolomeev},
  doi       = {10.1016/J.FUSENGDES.2021.112882},
  issn      = {0920-3796},
  journal   = {Fusion Engineering and Design},
  keywords  = {deuterium release,fuel retention,laser-induced desorption,tritium monitoring},
  month     = {11},
  pages     = {112882},
  publisher = {North-Holland},
  title     = {Laser-aided diagnostic of hydrogen isotope retention on the walls of the Globus-M2 tokamak},
  volume    = {172},
  year      = {2021},
  language  = {english}
}

@article{McNabb1963,
  author   = {A McNabb and P K Foster},
  issue    = {June},
  journal  = {Transactions of the Metallurgical Society of AIME},
  pages    = {618},
  title    = {{A New Analysis of the Diffusion of Hydrogen in Iron and Ferritic Steels}},
  volume   = {227},
  year     = {1963},
  language = {english}
}

@article{Dark2021,
  author    = {James Dark and Remi Delaporte-Mathurin and Yann Charles and Etienne A. Hodille and Christian Grisolia and Jonathan Mougenot},
  doi       = {10.1088/1741-4326/AC28B0},
  issn      = {0029-5515},
  issue     = {11},
  journal   = {Nuclear Fusion},
  keywords  = {DEMO,WCLL,trapping,tritium transport},
  month     = {10},
  pages     = {116076},
  publisher = {IOP Publishing},
  title     = {Influence of hydrogen trapping on WCLL breeding blanket performances},
  volume    = {61},
  year      = {2021},
  language  = {english}
}
@article{Krat2020_2,
  author    = {S. A. Krat and A. S. Prishvitsyn and Ya A. Vasina and Yu M. Gasparyan and A. A. Pisarev},
  doi       = {10.1016/J.NME.2020.100763},
  issn      = {2352-1791},
  journal   = {Nuclear Materials and Energy},
  keywords  = {Co-deposition,Diffusion-advection equation,Fuel accumulation,Modeling,Tungsten},
  month     = {8},
  pages     = {100763},
  publisher = {Elsevier},
  title     = {Model for hydrogen accumulation in co-deposited layers},
  volume    = {24},
  year      = {2020},
  language  = {english}
}

@article{Zibrov2024,
  author    = {M. Zibrov and K. Schmid},
  doi       = {10.1016/J.NME.2024.101617},
  issn      = {2352-1791},
  journal   = {Nuclear Materials and Energy},
  keywords  = {Cavities,Hydrogen,TDS,Trapping,Voids},
  month     = {3},
  pages     = {101617},
  publisher = {Elsevier},
  title     = {On the factors enhancing hydrogen trapping in spherical cavities in metals},
  volume    = {38},
  year      = {2024},
  language  = {english}
}

@article{Pisarev1997,
  author    = {A. A. Pisarev and O. V. Ogorodnikova},
  doi       = {10.1016/S0022-3115(97)00201-8},
  issn      = {0022-3115},
  journal   = {Journal of Nuclear Materials},
  month     = {9},
  pages     = {52-59},
  publisher = {North-Holland},
  title     = {Elementary processes near the interface between hydrogen gas and solid},
  volume    = {248},
  year      = {1997},
  language  = {english}
}
@article{Richards1988,
  author    = {Peter M. Richards},
  doi       = {10.1016/0022-3115(88)90333-9},
  issn      = {0022-3115},
  issue     = {2-3},
  journal   = {Journal of Nuclear Materials},
  month     = {5},
  pages     = {246-258},
  publisher = {North-Holland},
  title     = {Surface-limited hydrogen release and uptake in metals},
  volume    = {152},
  year      = {1988},
  language  = {english}
}
@article{Baskes1980,
  author    = {M. I. Baskes},
  doi       = {10.1016/0022-3115(80)90117-8},
  issn      = {0022-3115},
  issue     = {2-3},
  journal   = {Journal of Nuclear Materials},
  month     = {9},
  pages     = {318-324},
  publisher = {North-Holland},
  title     = {A calculation of the surface recombination rate constant for hydrogen isotopes on metals},
  volume    = {92},
  year      = {1980},
  language  = {english}
}

@article{Nordlund2014,
  author    = {K. Nordlund and C. Björkas and T. Ahlgren and A. Lasa and A. E. Sand},
  doi       = {10.1088/0022-3727/47/22/224018},
  issn      = {0022-3727},
  issue     = {22},
  journal   = {Journal of Physics D: Applied Physics},
  keywords  = {fusion rectors,molecular Dynamics,multiscale modelling,plasmawall interactions,rate equations},
  month     = {5},
  pages     = {224018},
  publisher = {IOP Publishing},
  title     = {Multiscale modelling of plasma–wall interactions in fusion reactor conditions},
  volume    = {47},
  year      = {2014},
  language  = {english}
}

@article{Schmid2017,
  author   = {K Schmid and J Bauer and T Schwarz-Selinger and S Markelj and U v Toussaint and A Manhard and W Jacob},
  doi      = {10.1088/1402-4896/aa8de0},
  issn     = {0031-8949},
  journal  = {Physica Scripta},
  month    = {12},
  pages    = {014037},
  title    = {Recent progress in the understanding of H transport and trapping in W},
  volume   = {T170},
  year     = {2017},
  language = {english}
}

@article{FEniCS,
  title     = {The {FEniCS} {Project} {Version} 1.5},
  volume    = {3},
  copyright = {Copyright (c) 2015 Archive of Numerical Software},
  issn      = {2197-8263},
  url       = {https://journals.ub.uni-heidelberg.de/index.php/ans/article/view/20553},
  doi       = {10.11588/ans.2015.100.20553},
  language  = {english},
  number    = {100},
  urldate   = {2019-10-07},
  journal   = {Archive of Numerical Software},
  author    = {Alnæs, Martin and Blechta, Jan and Hake, Johan and Johansson, August and Kehlet, Benjamin and Logg, Anders and Richardson, Chris and Ring, Johannes and Rognes, Marie E. and Wells, Garth N.},
  month     = {12},
  year      = {2015}
}

@book{FEniCS_book,
  title     = {Automated solution of differential equations by the finite element method: The FEniCS book},
  author    = {Logg, Anders and Mardal, Kent-Andre and Wells, Garth},
  volume    = {84},
  year      = {2012},
  publisher = {Springer Science \& Business Media},
  language  = {english}
}

@book{Oberkampf_Roy_2010,
  place     = {Cambridge},
  title     = {{Verification and Validation in Scientific Computing}},
  publisher = {Cambridge University Press},
  author    = {Oberkampf, William L. and Roy, Christopher J.},
  year      = {2010},
  pages     = {208-248},
  language  = {english}
}

@article{Roache2002,
  author    = {Patrick J. Roache},
  doi       = {10.1115/1.1436090},
  issn      = {0098-2202},
  issue     = {1},
  journal   = {Journal of Fluids Engineering},
  keywords  = {Boundary-value problems,Computational fluid dynamics,Errors,Shock (Mechanics),Theorems (Mathematics)},
  month     = {3},
  pages     = {4-10},
  publisher = {American Society of Mechanical Engineers Digital Collection},
  title     = {Code Verification by the Method of Manufactured Solutions},
  volume    = {124},
  year      = {2002},
  language  = {english}
}

@article{Hodille2024,
  author    = {E. Hodille and B. Pavec and J. Denis and A. Dunand and Y. Ferro and M. Minissale and T. Angot and C. Grisolia and R. Bisson},
  doi       = {10.1088/1741-4326/AD2A29},
  issn      = {0029-5515},
  issue     = {4},
  journal   = {Nuclear Fusion},
  keywords  = {hydrogen,multi-scale modelling,plasma-wall interactions},
  month     = {3},
  pages     = {046022},
  publisher = {IOP Publishing},
  title     = {Deuterium uptake, desorption and sputtering from W(110) surface covered with oxygen},
  volume    = {64},
  year      = {2024},
  language  = {english}
}

@article{Hirooka1981,
  author    = {Y. Hirooka and M. Miyake and T. Sano},
  doi       = {10.1016/0022-3115(81)90566-3},
  issn      = {0022-3115},
  issue     = {3},
  journal   = {Journal of Nuclear Materials},
  month     = {2},
  pages     = {227-232},
  publisher = {North-Holland},
  title     = {A study of hydrogen absorption and desorption by titanium},
  volume    = {96},
  year      = {1981},
  language  = {english}
}

@article{Shimohata2021,
  author    = {Yuta Shimohata and Yoshiki Hamamoto and Kengo Nishi and Katsuaki Tanabe},
  doi       = {10.1016/J.FUSENGDES.2021.112833},
  issn      = {0920-3796},
  journal   = {Fusion Engineering and Design},
  keywords  = {Adsorption,Diffusion,Fusion reactor,Hydride,Hydrogen storage,Nuclear reactor},
  month     = {12},
  pages     = {112833},
  publisher = {North-Holland},
  title     = {Improved kinetic model of hydrogen absorption and desorption in titanium with subsurface transport},
  volume    = {173},
  year      = {2021},
  language  = {english}
}

@article{Delaporte-Mathurin2021,
  author   = {Rémi Delaporte-Mathurin and Etienne A. Hodille and Jonathan Mougenot and Yann Charles and Christian Grisolia},
  doi      = {10.1016/j.nme.2021.100984},
  issn     = {23521791},
  journal  = {Nuclear Materials and Energy},
  month    = {6},
  pages    = {100984},
  title    = {Parametric optimisation based on TDS experiments for rapid and efficient identification of hydrogen transport materials properties},
  volume   = {27},
  year     = {2021},
  language = {english}
}

@article{Dunand2022,
  author    = {A. Dunand and M. Minissale and J. B. Faure and L. Gallais and T. Angot and R. Bisson},
  doi       = {10.1088/1741-4326/AC583A},
  issn      = {0029-5515},
  issue     = {5},
  journal   = {Nuclear Fusion},
  keywords  = {bulk,deuterium,fuel recycling,oxygen,retention,surface,tungsten},
  month     = {3},
  pages     = {054002},
  publisher = {IOP Publishing},
  title     = {Surface oxygen versus native oxide on tungsten: contrasting effects on deuterium retention and release},
  volume    = {62},
  year      = {2022},
  language  = {english}
}

@article{Markelj2016,
  author    = {S. Markelj and A. Založnik and T. Schwarz-Selinger and O. V. Ogorodnikova and P. Vavpetič and P. Pelicon and I. Čadež},
  doi       = {10.1016/J.JNUCMAT.2015.11.039},
  issn      = {0022-3115},
  journal   = {Journal of Nuclear Materials},
  keywords  = {Damaged material,Isotope exchange,NRA,Neutral atoms,Tungsten},
  month     = {2},
  pages     = {133-144},
  publisher = {North-Holland},
  title     = {In situ NRA study of hydrogen isotope exchange in self-ion damaged tungsten exposed to neutral atoms},
  volume    = {469},
  year      = {2016},
  language  = {english}
}

@article{Schmid2023_1,
  author    = {K. Schmid and T. Schwarz-Selinger and R. Arredondo},
  doi       = {10.1016/J.NME.2022.101341},
  issn      = {2352-1791},
  journal   = {Nuclear Materials and Energy},
  month     = {3},
  pages     = {101341},
  publisher = {Elsevier},
  title     = {Influence of hydrogen isotopes on displacement damage formation in {EUROFER}},
  volume    = {34},
  year      = {2023},
  language  = {english}
}

@article{Schmid2023_2,
  author    = {K. Schmid and T. Schwarz-Selinger and A. Theodorou},
  doi       = {10.1016/J.NME.2023.101494},
  issn      = {2352-1791},
  journal   = {Nuclear Materials and Energy},
  keywords  = {Diffusion-trapping- modeling,Displacement-damage,EUROFER,Hydrogen,Retention,Surface-limits},
  month     = {9},
  pages     = {101494},
  publisher = {Elsevier},
  title     = {Modeling intrinsic- and displacement-damage-driven retention in {EUROFER}},
  volume    = {36},
  year      = {2023},
  language  = {english}
}

@article{Tolias2017,
  author    = {P. Tolias},
  doi       = {10.1016/J.NME.2017.08.002},
  issn      = {2352-1791},
  journal   = {Nuclear Materials and Energy},
  month     = {12},
  pages     = {42-57},
  publisher = {Elsevier},
  title     = {Analytical expressions for thermophysical properties of solid and liquid tungsten relevant for fusion applications},
  volume    = {13},
  year      = {2017},
  language  = {english}
}

@article{Tolias2022,
  author    = {P. Tolias},
  doi       = {10.1016/J.NME.2022.101195},
  issn      = {2352-1791},
  journal   = {Nuclear Materials and Energy},
  keywords  = {Arcing,Beryllium,Dust transport,Melt motion,Thermal analysis,Thermophysical properties},
  month     = {6},
  pages     = {101195},
  publisher = {Elsevier},
  title     = {Analytical expressions for thermophysical properties of solid and liquid beryllium relevant for fusion applications},
  volume    = {31},
  year      = {2022},
  language  = {english}
}

@techreport{komarov2013thermal,
  title     = {Thermal analysis of ITER Divertor PFU W-monoblocks with local shaping at surface heat flux},
  author    = {Komarov, V.},
  year      = {2013},
  publisher = {Iter Office},
  language  = {english}
}

@article{VandenKerkhof2021,
  author    = {S. Van den Kerkhof and M. Blommaert and R. A. Pitts and W. Dekeyser and S. Carli and M. Baelmans},
  doi       = {10.1016/J.NME.2021.101009},
  issn      = {2352-1791},
  journal   = {Nuclear Materials and Energy},
  keywords  = {ELM mitigation,Edge Localized Modes,Heat loads,ITER,Tungsten recrystallization},
  month     = {6},
  pages     = {101009},
  publisher = {Elsevier},
  title     = {Impact of ELM mitigation on the ITER monoblock thermal behavior and the tungsten recrystallization depth},
  volume    = {27},
  year      = {2021},
  language  = {english}
}

@article{Budaev2015,
  author   = {V.P. Budaev},
  doi      = {10.21517/0202-3822-2015-38-4-5-33},
  issn     = {02023822},
  issue    = {4},
  journal  = {Problems of Atomic Science and Technology, Ser. Thermonuclear Fusion},
  pages    = {5-33},
  title    = {Results of high heat flux tungsten divertor target tests under iter and reactor tokamak-relevant plasma heat loads (review)},
  volume   = {38},
  year     = {2015},
  language = {english}
}

@article{Hodille2021,
  author    = {E. A. Hodille and M. Payet and V. Marascu and S. Peillon and J. Mougenot and Y. Ferro and R. Delaporte-Mathurin and F. Leblond and E. Bernard and C. Grisolia},
  doi       = {10.1088/1741-4326/AC0F37},
  issn      = {0029-5515},
  issue     = {8},
  journal   = {Nuclear Fusion},
  keywords  = {dust,isotopic exchange,surface,tritium,tungsten},
  month     = {7},
  pages     = {086030},
  publisher = {IOP Publishing},
  title     = {Modelling tritium adsorption and desorption from tungsten dust particles with a surface kinetic model},
  volume    = {61},
  year      = {2021},
  language  = {english}
}

@book{weast1975crc,
  title     = {CRC Handbook of Chemistry and Physics: A Ready-reference Book of Chemical and Physical Data},
  author    = {Weast, R.C.},
  isbn      = {9780878194551},
  series    = {CRC Handbook of Chemistry and Physics: A Ready-reference Book of Chemical and Physical Data},
  year      = {1975},
  publisher = {CRC Press},
  language  = {english}
}

@techreport{mutzke2024sdtrimsp,
  title     = {SDTrimSP Version 7.00},
  author    = {Mutzke, Andreas and Toussaint, U v and Eckstein, Wolfgang and Dohmen, Renate and Schmid, K},
  year      = {2024},
  publisher = {Max-Planck-Institut f{\"u}r Plasmaphysik},
  language  = {english}
}

@article{Tschersich2008,
  author    = {K. G. Tschersich and J. P. Fleischhauer and H. Schuler},
  doi       = {10.1063/1.2963956/956815},
  issn      = {00218979},
  issue     = {3},
  journal   = {Journal of Applied Physics},
  month     = {8},
  publisher = {AIP Publishing},
  title     = {Design and characterization of a thermal hydrogen atom source},
  volume    = {104},
  year      = {2008},
  language  = {english}
}
@article{Tschersich2000,
  author    = {K. G. Tschersich},
  doi       = {10.1063/1.372220},
  issn      = {0021-8979},
  issue     = {5},
  journal   = {Journal of Applied Physics},
  month     = {3},
  pages     = {2565-2573},
  publisher = {AIP Publishing},
  title     = {Intensity of a source of atomic hydrogen based on a hot capillary},
  volume    = {87},
  year      = {2000},
  language  = {english}
}

@article{Smirnov2020,
  author    = {R. D. Smirnov and S. I. Krasheninnikov and M. V. Umansky},
  doi       = {10.1063/1.5140183/13807989/},
  issn      = {10897674},
  issue     = {3},
  journal   = {Physics of Plasmas},
  month     = {3},
  publisher = {American Institute of Physics Inc.},
  title     = {Time-dependent modeling of coupled plasma-wall dynamics},
  volume    = {27},
  year      = {2020},
  language  = {english}
}

@article{Hodille2021_2,
  author    = {E. A. Hodille and R. Delaporte-Mathurin and J. Denis and M. Pecovnik and E. Bernard and Y. Ferro and R. Sakamoto and Y. Charles and J. Mougenot and A. De Backer and C. S. Becquart and S. Markelj and C. Grisolia},
  doi       = {10.1088/1741-4326/AC2ABC},
  issn      = {0029-5515},
  issue     = {12},
  journal   = {Nuclear Fusion},
  keywords  = {hydrogen,materials,modelling,plasma material interactions},
  month     = {10},
  pages     = {126003},
  publisher = {IOP Publishing},
  title     = {Modelling of hydrogen isotopes trapping, diffusion and permeation in divertor monoblocks under ITER-like conditions},
  volume    = {61},
  year      = {2021},
  language  = {english}
}
@article{Delaporte-Mathurin2023,
  author    = {Rémi Delaporte-Mathurin and Romain Chochoy and Jonathan Mougenot and Yann Charles and Etienne A. Hodille and Christian Grisolia},
  doi       = {10.1088/1741-4326/AD1019},
  issn      = {0029-5515},
  issue     = {2},
  journal   = {Nuclear Fusion},
  keywords  = {hydrogen transport,modelling,plasma material interactions},
  month     = {12},
  pages     = {026003},
  publisher = {IOP Publishing},
  title     = {3D effects on hydrogen transport in ITER-like monoblocks},
  volume    = {64},
  year      = {2023},
  language  = {english}
}
@article{Delaporte-Mathurin2019,
  author    = {Rémi Delaporte-Mathurin and Etienne A. Hodille and Jonathan Mougenot and Yann Charles and Christian Grisolia},
  doi       = {10.1016/J.NME.2019.100709},
  issn      = {2352-1791},
  journal   = {Nuclear Materials and Energy},
  keywords  = {Finite elements,Fusion,Hydrogen isotopes,Plasma facing components,Tritium},
  month     = {12},
  pages     = {100709},
  publisher = {Elsevier},
  title     = {Finite element analysis of hydrogen retention in ITER plasma facing components using FESTIM},
  volume    = {21},
  year      = {2019},
  language  = {english}
}

@article{Delaporte-Mathurin2020,
  author    = {Rémi Delaporte-Mathurin and Etienne Hodille and Jonathan Mougenot and Gregory De Temmerman and Yann Charles and Christian Grisolia},
  doi       = {10.1038/S41598-020-74844-W},
  issn      = {20452322},
  issue     = {1},
  journal   = {Scientific Reports},
  keywords  = {Applied mathematics,Energy science and technology,Nuclear energy,Nuclear fusion and fission},
  month     = {12},
  pages     = {1-12},
  pmid      = {33082471},
  publisher = {Nature Research},
  title     = {Parametric study of hydrogenic inventory in the ITER divertor based on machine learning},
  volume    = {10},
  year      = {2020},
  language  = {english}
}
@article{Delaporte-Mathurin2021_2,
  author    = {Rémi Delaporte-Mathurin and Hao Yang and Julien Denis and James Dark and Etienne A. Hodille and Gregory De Temmerman and Xavier Bonnin and Jonathan Mougenot and Yann Charles and Hugo Bufferand and Guido Ciraolo and Christian Grisolia},
  doi       = {10.1088/1741-4326/AC2BBD},
  issn      = {0029-5515},
  issue     = {12},
  journal   = {Nuclear Fusion},
  keywords  = {FESTIM,SOLPS,SolEdge3X-EIRENE,divertor,hydrogen transport},
  month     = {10},
  pages     = {126001},
  publisher = {IOP Publishing},
  title     = {Fuel retention in WEST and ITER divertors based on FESTIM monoblock simulations},
  volume    = {61},
  year      = {2021},
  language  = {english}
}

@article{Delaporte-Mathurin2021_3,
  title    = {{Influence of interface conditions on hydrogen transport studies}},
  author   = {Delaporte-Mathurin, R{\'{e}}mi and Hodille, Etienne A. and Mougenot, Jonathan and Charles, Yann and {De Temmerman}, Gregory and Leblond, Floriane and Grisolia, Christian},
  year     = 2021,
  month    = {3},
  journal  = {Nucl. Fusion},
  volume   = 61,
  number   = 3,
  pages    = {036038},
  doi      = {10.1088/1741-4326/abd95f},
  issn     = {0029-5515},
  language = {english}
}

@article{Degtyarenko2024,
  author   = {Дегтяренко, Н. Н. and Гришаков, К. С. and Писарев, А. А. and Гаспарян, Ю. М.},
  title    = {Атомистический анализ рекомбинационной десорбции водорода с поверхности вольфрама},
  journal  = {Журнал экспериментальной и теоретической физики},
  pages    = {470--485},
  volume   = {165},
  number   = {4},
  year     = {2024},
  issn     = {0044-4510},
  language = {russian}
}

@article{Stihl2021,
  author    = {Ch Stihl and P. V. Vladimirov and A. Möslang},
  doi       = {10.1016/J.JNUCMAT.2020.152595},
  issn      = {0022-3115},
  journal   = {Journal of Nuclear Materials},
  keywords  = {Beryllium,Cluster expansion,Density functional theory,Dimer method,First principles,Kinetic monte carlo,Surface,Temperature-programmed desorption},
  month     = {1},
  pages     = {152595},
  publisher = {North-Holland},
  title     = {Assessment of multiscale hydrogen desorption models from (0001) Be surfaces},
  volume    = {543},
  year      = {2021},
  language  = {english}
}
@article{Heinola2010_2,
  author    = {K. Heinola and T. Ahlgren},
  doi       = {10.1103/PHYSREVB.81.073409/FIGURES/3/THUMBNAIL},
  issn      = {10980121},
  issue     = {7},
  journal   = {Physical Review B - Condensed Matter and Materials Physics},
  month     = {2},
  pages     = {073409},
  publisher = {American Physical Society},
  title     = {First-principles study of H on the reconstructed W(100) surface},
  volume    = {81},
  year      = {2010},
  language  = {english}
}
@article{Gomer1957,
  author    = {R. Gomer and R. Wortman and R. Lundy},
  doi       = {10.1063/1.1743484},
  issn      = {0021-9606},
  issue     = {5},
  journal   = {The Journal of Chemical Physics},
  month     = {5},
  pages     = {1147-1164},
  publisher = {AIP Publishing},
  title     = {Mobility and Adsorption of Hydrogen on Tungsten},
  volume    = {26},
  year      = {1957},
  language  = {english}
}

@article{Smirnov2017,
  author    = {R. D. Smirnov and J. Guterl and S. I. Krasheninnikov},
  doi       = {10.13182/FST16-125;WGROUP:STRING:PUBLICATION},
  issn      = {15361055},
  issue     = {1},
  journal   = {Fusion Science and Technology},
  keywords  = {Fusion material,Interactions,Modeling},
  month     = {1},
  pages     = {75-83},
  publisher = {American Nuclear Society},
  title     = {Modeling of multispecies dynamics in fusion-related materials with FACE},
  volume    = {71},
  year      = {2017},
  language  = {english}
}

@article{Simon2025,
  author    = {Pierre Clément A. Simon and Casey T. Icenhour and Gyanender Singh and Alexander D. Lindsay and Chaitanya Bhave and Lin Yang and Adriaan Riet and Yifeng Che and Paul Humrickhouse and Pattrick Calderoni and Masashi Shimada},
  doi       = {10.1016/J.FUSENGDES.2025.114874},
  issn      = {0920-3796},
  journal   = {Fusion Engineering and Design},
  keywords  = {Computational fusion,MOOSE,Software quality assurance,TMAP,Tritium transport and fuel cycle,Verification and validation},
  month     = {5},
  pages     = {114874},
  publisher = {North-Holland},
  title     = {MOOSE-based Tritium Migration Analysis Program, Version 8 (TMAP8) for advanced open-source tritium transport and fuel cycle modeling},
  volume    = {214},
  year      = {2025},
  language  = {english}
}

@article{Candido2021,
  author    = {Luigi Candido and Ciro Alberghi},
  doi       = {10.1016/J.FUSENGDES.2021.112740},
  issn      = {0920-3796},
  journal   = {Fusion Engineering and Design},
  keywords  = {COMSOL,Hydrogen isotopes,TMAP,Transport},
  month     = {11},
  pages     = {112740},
  publisher = {North-Holland},
  title     = {Verification and validation of mHIT code over TMAP for hydrogen isotopes transport studies in fusion-relevant environments},
  volume    = {172},
  year      = {2021},
  language  = {english}
}

@techreport{GlenRLonghurst2008,
  author      = {Glen R. Longhurst},
  doi         = {10.2172/952013},
  institution = {Idaho National Laboratory},
  month       = {12},
  title       = {TMAP7 User Manual},
  year        = {2008},
  language    = {english}
}

@article{Denis2022,
  author    = {J. Denis and E. A. Hodille and Y. Marandet and Y. Ferro},
  doi       = {10.1016/J.JNUCMAT.2022.153972},
  issn      = {0022-3115},
  journal   = {Journal of Nuclear Materials},
  keywords  = {Analytical model,Hydrogen-material interaction,Nuclear Fusion,Plasma-wall interaction,Reaction-Diffusion equations},
  month     = {11},
  pages     = {153972},
  publisher = {North-Holland},
  title     = {Analytical model of hydrogen inventory saturation in the subsurface of the wall material and comparison to Reaction-Diffusion simulations},
  volume    = {570},
  year      = {2022},
  language  = {english}
}

@article{Marshall2001,
  title    = {{Modeling the Nukiyama Curve for Water-Cooled Fusion Divertor Channels}},
  author   = {Marshall, Theron D. and Youchison, Dennis L. and Cadwallader, Lee C.},
  year     = 2001,
  month    = {3},
  journal  = {Fusion Technol.},
  volume   = 39,
  number   = {2P2},
  pages    = {849--855},
  doi      = {10.13182/FST01-A11963345},
  issn     = {0748-1896},
  language = {english}
}

@book{Stangeby2000,
  author    = {P.C Stangeby},
  doi       = {10.1201/9780367801489},
  isbn      = {9780367801489},
  month     = {1},
  publisher = {CRC Press},
  title     = {The Plasma Boundary of Magnetic Fusion Devices},
  year      = {2000},
  language  = {english}
}

@article{Brida2017,
  title    = {{Heat flux pattern in detached L-modes and ELM mitigated H-modes with rotating magnetic perturbations in ASDEX Upgrade}},
  author   = {Brida, D. and Lunt, T. and Wischmeier, M. and Bernert, M. and Carralero, D. and Faitsch, M. and Feng, Y. and Sehmer, T. and Sieglin, B. and Suttrop, W. and Wolfrum, E.},
  year     = 2017,
  month    = {11},
  journal  = {Nucl. Fusion},
  volume   = 57,
  number   = 11,
  pages    = 116006,
  doi      = {10.1088/1741-4326/aa78b9},
  issn     = {0029-5515},
  language = {english}
}

@article{Fundamenski2006,
  title    = {{A model of ELM filament energy evolution due to parallel losses}},
  author   = {Fundamenski, W and Pitts, R A and Contributors, JET EFDA},
  year     = 2006,
  month    = {1},
  journal  = {Plasma Phys. Control. Fusion},
  volume   = 48,
  number   = 1,
  pages    = {109--156},
  doi      = {10.1088/0741-3335/48/1/008},
  issn     = {0741-3335},
  language = {english}
}
@article{Moulton2013,
  title    = {{Quasineutral plasma expansion into infinite vacuum as a model for parallel ELM transport}},
  author   = {Moulton, D and Ghendrih, Ph and Fundamenski, W and Manfredi, G and Tskhakaya, D},
  year     = 2013,
  month    = {8},
  journal  = {Plasma Phys. Control. Fusion},
  volume   = 55,
  number   = 8,
  pages    = {085003},
  doi      = {10.1088/0741-3335/55/8/085003},
  issn     = {0741-3335},
  language = {english}
}

@article{Abrams2018,
  title    = {{Experimental validation of a model for particle recycling and tungsten erosion during ELMs in the DIII-D divertor}},
  author   = {Abrams, T. and Unterberg, E.A. and McLean, A.G. and Rudakov, D.L. and Wampler, W.R. and Knolker, M. and Lasnier, C. and Leonard, A.W. and Stangeby, P.C. and Thomas, D.M. and Wang, H.Q.},
  year     = {2018},
  month    = {12},
  journal  = {Nucl. Mater. Energy},
  volume   = 17,
  pages    = {164--173},
  doi      = {10.1016/j.nme.2018.10.011},
  issn     = {23521791},
  language = {english}
}
@article{Wang2024,
  author   = {Ce Wang and Chaofeng Sang and Jianbin Liu and Chen Zhang and Dezhen Wang},
  doi      = {10.1002/ctpp.202300131},
  issn     = {0863-1042},
  journal  = {Contributions to Plasma Physics},
  month    = {1},
  title    = {Modeling of tungsten divertor target erosion induced by impurity during edge‐localized modes by using a kinetic model},
  year     = {2024},
  language = {english}
}

@article{Loarte2002,
  title    = {{Characteristics and scaling of energy and particle losses during Type I ELMs in JET H-modes}},
  author   = {Loarte, A and Becoulet, M and Saibene, G and Sartori, R and Campbell, D J and Eich, T and Herrmann, A and Laux, M and Suttrop, W and Alper, B and Lomas, P J and Matthews, G and Jachmich, S and Ongena, J and Innocente, P and Collaborators, EFDA- JET Workprogramme},
  year     = 2002,
  month    = {9},
  journal  = {Plasma Phys. Control. Fusion},
  volume   = 44,
  number   = 9,
  pages    = {1815--1844},
  doi      = {10.1088/0741-3335/44/9/303},
  issn     = {0741-3335},
  language = {english}
}

@article{Adamek2020,
  title    = {{On the transport of edge localized mode filaments in the tokamak scrape-off layer}},
  year     = 2020,
  month    = {9},
  journal  = {Nucl. Fusion},
  volume   = 60,
  number   = 9,
  pages    = {096014},
  doi      = {10.1088/1741-4326/ab9e14},
  issn     = {0029-5515},
  language = {english}
}
@article{Horacek2023,
  title    = {{ELM temperature in JET and COMPASS tokamak divertors}},
  year     = 2023,
  month    = {5},
  journal  = {Nucl. Fusion},
  volume   = 63,
  number   = 5,
  pages    = {056007},
  doi      = {10.1088/1741-4326/acbf68},
  issn     = {0029-5515},
  language = {english}
}
@article{Marenkov2012a,
  title    = {{On the tokamak first wall response to the edge localized mode bursts}},
  author   = {Marenkov, E. D. and Krasheninnikov, S. I. and Pisarev, A. A. and Tsvetkov, I. V.},
  year     = {2012},
  month    = {9},
  journal  = {Phys. Plasmas},
  volume   = {19},
  number   = {9},
  doi      = {10.1063/1.4742982},
  issn     = {1070-664X},
  language = {english}
}

@article{Ordal1988,
  author   = {Mark A. Ordal and Robert J. Bell and Ralph W. Alexander and Lawrence A. Newquist and Marvin R. Querry},
  doi      = {10.1364/AO.27.001203},
  issn     = {0003-6935},
  issue    = {6},
  journal  = {Applied Optics},
  month    = {3},
  pages    = {1203},
  title    = {Optical properties of Al, Fe, Ti, Ta, W, and Mo at submillimeter wavelengths},
  volume   = {27},
  year     = {1988},
  language = {english}
}

@article{Krat2018,
  author    = {S. Krat and Yu Gasparyan and Ya Vasina and A. Davletiyarova and A. Pisarev},
  doi       = {10.1016/J.VACUUM.2017.12.004},
  issn      = {0042-207X},
  journal   = {Vacuum},
  month     = {3},
  pages     = {23-28},
  publisher = {Pergamon},
  title     = {Tungsten-deuterium co-deposition: Experiment and analytical description},
  volume    = {149},
  year      = {2018},
  language  = {english}
}

@article{Minissale2017,
  author    = {Marco Minissale and Cedric Pardanaud and Régis Bisson and Laurent Gallais},
  doi       = {10.1088/1361-6463/AA81F3},
  issn      = {0022-3727},
  issue     = {45},
  journal   = {Journal of Physics D: Applied Physics},
  keywords  = {Lorentz-Drude Model,reflectivity,refractive index,temperature dependence,total emissivity,tungsten},
  month     = {10},
  pages     = {455601},
  publisher = {IOP Publishing},
  title     = {The temperature dependence of optical properties of tungsten in the visible and near-infrared domains: an experimental and theoretical study},
  volume    = {50},
  year      = {2017},
  language  = {english}
}
@article{Stepanenko2024,
  author    = {A. A. Stepanenko and Yu M. Gasparyan},
  doi       = {10.1088/1402-4896/AD5E08},
  issn      = {1402-4896},
  issue     = {8},
  journal   = {Physica Scripta},
  keywords  = {dimensional effects,laser heating,laser-induced desorption diagnostics,modeling,tokamak,tritium removal},
  month     = {7},
  pages     = {085604},
  publisher = {IOP Publishing},
  title     = {Dimensional effects in analysis of laser-induced-desorption diagnostics data},
  volume    = {99},
  year      = {2024},
  language  = {english}
}

@article{Brezinsek2005,
  author    = {S. Brezinsek and G. Sergienko and A. Pospieszczyk and Ph Mertens and U. Samm and P. T. Greenland},
  doi       = {10.1088/0741-3335/47/4/003},
  issn      = {0741-3335},
  issue     = {4},
  journal   = {Plasma Physics and Controlled Fusion},
  month     = {3},
  pages     = {615},
  publisher = {IOP Publishing},
  title     = {Characterization of the deuterium recycling flux in front of a graphite surface in the TEXTOR tokamak},
  volume    = {47},
  year      = {2005},
  language  = {english}
}

@article{Yu2015,
  author    = {J. H. Yu and G. De Temmerman and R. P. Doerner and R. A. Pitts and M. A. Van Den Berg},
  doi       = {10.1088/0029-5515/55/9/093027},
  issn      = {0029-5515},
  issue     = {9},
  journal   = {Nuclear Fusion},
  keywords  = {ELMs,tokamak,transient heating,tungsten},
  month     = {8},
  pages     = {093027},
  publisher = {IOP Publishing},
  title     = {The effect of transient temporal pulse shape on surface temperature and tungsten damage},
  volume    = {55},
  year      = {2015},
  language  = {english}
}
@article{VanEden2014,
  author    = {G. G. Van Eden and T. W. Morgan and H. J. Van Der Meiden and J. Matejicek and T. Chraska and M. Wirtz and G. De Temmerman},
  doi       = {10.1088/0029-5515/54/12/123010},
  issn      = {0029-5515},
  issue     = {12},
  journal   = {Nuclear Fusion},
  keywords  = {ELMs,hydrogen,laser,melting,surface analysis,thermal shock,tungsten},
  month     = {11},
  pages     = {123010},
  publisher = {IOP Publishing},
  title     = {The effect of high-flux H plasma exposure with simultaneous transient heat loads on tungsten surface damage and power handling},
  volume    = {54},
  year      = {2014},
  language  = {english}
}

@article{Bechtel1975,
  author    = {J. H. Bechtel},
  doi       = {10.1063/1.321760},
  issn      = {0021-8979},
  issue     = {4},
  journal   = {Journal of Applied Physics},
  month     = {4},
  pages     = {1585-1593},
  publisher = {AIP Publishing},
  title     = {Heating of solid targets with laser pulses},
  volume    = {46},
  year      = {1975},
  language  = {english}
}

@article{Guterl2019,
  author    = {Jerome Guterl and R. D. Smirnov and P. Snyder},
  doi       = {10.1088/1741-4326/AB280A},
  issn      = {0029-5515},
  issue     = {9},
  journal   = {Nuclear Fusion},
  keywords  = {Tungsten,beryllium,fuel recycling,fuel retention,hydrogen outgasssing,thermal desorption spectroscopy},
  month     = {8},
  pages     = {096042},
  publisher = {IOP Publishing},
  title     = {Effects of surface processes on hydrogen outgassing from metal in desorption experiments},
  volume    = {59},
  year      = {2019},
  language  = {english}
}

@article{Yaroshevskaya2024,
  author    = {A. D. Yaroshevskaya and K. M. Gutorov and V. L. Podkovyrov and Yu I. Litvinenko},
  doi       = {10.1134/S1063780X24600634/FIGURES/9},
  issn      = {15626938},
  issue     = {6},
  journal   = {Plasma Physics Reports},
  keywords  = {Doppler effect,ERT,QSPA,plasma velocity},
  month     = {6},
  pages     = {689-696},
  publisher = {Pleiades Publishing},
  title     = {Determination of Plasma Flow Velocity with Time Resolution Based on the Doppler Effect},
  volume    = {50},
  year      = {2024},
  language  = {english}
}


##################### Zenodo and Git #####################

@software{vladimir_kulagin_2025_14738004,
  author    = {Vladimir Kulagin and Rémi Delaporte-Mathurin},
  title     = {KulaginVladimir/FESTIM-SurfaceKinetics-Validation: Revision 1},
  month     = {1},
  year      = {2025},
  publisher = {Zenodo},
  version   = {v2.0.0},
  doi       = {10.5281/zenodo.14738004},
  url       = {https://github.com/KulaginVladimir/FESTIM-SurfaceKinetics-Validation},
  language  = {english},
  media     = {eresource}
}

@online{FESTIM_VV,
  title    = {FESTIM V{\&}V book},
  author   = {Delaporte-Mathurin, Remi and Santana, Jair and Kulagin, Vladimir},
  year     = {2025},
  url      = {https://dspace.mit.edu/handle/1721.1/156690.3},
  urldate  = {22.04.2025},
  language = {english},
  media    = {eresource}
}

@software{remi_delaporte_mathurin_2024_13912922,
  author    = {Rémi Delaporte-Mathurin and
               James Dark and
               natethegreatINL and
               Thomas Fuerst and
               paulbrrn and
               Vladimir Kulagin and
               Christian Hill},
  title     = {RemDelaporteMathurin/h-transport-materials: Release 0.17},
  month     = 10,
  year      = 2024,
  publisher = {Zenodo},
  version   = {v0.17},
  doi       = {10.5281/zenodo.13912922},
  language  = {english},
  media     = {eresource}
}

@software{Kulagin_PhD_2025,
  author   = {Kulagin, Vladimir},
  month    = 3,
  title    = {{PhD}},
  url      = {https://github.com/KulaginVladimir/PhD},
  version  = {1.0.0},
  year     = {2025},
  media    = {eresource},
  language = {english}
}